@thesis{parham_photographic_2015,
	location = {Troy, {NY}},
	title = {Photographic censusing of zebra and giraffe in the Nairobi National Park},
	url = {http://gradworks.umi.com/10/00/10006301.html},
	institution = {Department of Computer Science, Rensselaer Polytechnic Institute},
	type = {M.S. thesis},
	author = {Parham, Jason R.},
	urldate = {2016-03-04},
	date = {2015-11},
	note = {00001 
bibtex: parham\_photographic\_2015},
	keywords = {animals},
	file = {Snapshot:/home/joncrall/.zotero/zotero/q70dyzwb.default/zotero/storage/2K32CEVR/10006301.html:text/html}
}
