@article{aharon_k_svd_2006,
  abstract = {In recent years there has been a},
  author = {Aharon, M. and Elad, M. and Bruckstein, A.},
  date = {2006-11},
  doi = {10.1109/TSP.2006.881199},
  file = {IEEE Xplore Abstract Record:/home/joncrall/.zotero/zotero/q70dyzwb.default/zotero/storage/A6UQX3QR/abs_all.html:text/html},
  issn = {1053-587X},
  journal = {Transactions on Signal Processing},
  number = {11},
  pages = {4311--4322},
  title = {K-{SVD}: An Algorithm for Designing Overcomplete Dictionaries for Sparse Representation},
  volume = {54},
  year = {2006}
}

@article{ahonen_face_2006,
  abstract = {This paper presents a novel and efficient},
  author = {Ahonen, T. and Hadid, A. and Pietikainen, M.},
  date = {2006-12},
  doi = {10.1109/TPAMI.2006.244},
  file = {IEEE Xplore Abstract Record:/home/joncrall/.zotero/zotero/q70dyzwb.default/zotero/storage/MJ2TJRR7/abs_all.html:text/html},
  issn = {0162-8828},
  journal = {Transactions on Pattern Analysis and Machine Intelligence},
  keywords = {{LBP}},
  number = {12},
  pages = {2037--2041},
  title = {Face Description with Local Binary Patterns: Application to Face Recognition},
  volume = {28},
  year = {2006}
}

@inproceedings{alahi_freak_2012,
  author = {Alahi, Alexandre and Ortiz, Raphael and Vandergheynst, Pierre},
  booktitle = {Computer Vision and Pattern Recognition},
  date = {2012},
  keywords = {descriptor},
  pages = {510--517},
  title = {Freak: Fast retina keypoint},
  url = {http://ieeexplore.ieee.org/xpls/abs_all.jsp?arnumber=6247715},
  year = {2012}
}

@inproceedings{arandjelovic_all_2013,
  abstract = {{MultiVLAD}},
  author = {Arandjelovic, R. and Zisserman, A.},
  booktitle = {Computer Vision and Pattern Recognition},
  date = {2013-06},
  doi = {10.1109/CVPR.2013.207},
  eventtitle = {2013 {IEEE} Conference on Computer Vision and Pattern Recognition ({CVPR})},
  file = {IEEE Xplore Abstract Record:/home/joncrall/.zotero/zotero/q70dyzwb.default/zotero/storage/84QZGK76/abs_all.html:text/html},
  keywords = {{VLAD}},
  pages = {1578--1585},
  title = {All About {VLAD}},
  year = {2013}
}

@inproceedings{arandjelovic_three_2012,
  abstract = {arandjelovic\_three\_2012},
  author = {Arandjelovic, Relja and Zisserman, Andrew},
  booktitle = {Computer Vision and Pattern Recognition},
  date = {2012},
  keywords = {instance recognition, noteable-paper},
  pages = {2911--2918},
  title = {Three things everyone should know to improve object retrieval},
  url = {http://ieeexplore.ieee.org/xpls/abs_all.jsp?arnumber=6248018},
  year = {2012}
}

@inproceedings{arandjelovic_dislocation_2015,
  abstract = {hamming embeding, distinctiveness},
  author = {Arandjelovic, Relja and Zisserman, Andrew},
  date = {2015},
  eventtitle = {{ACCV}},
  keywords = {instance recognition},
  title = {{DisLocation}: Scalable descriptor distinctiveness for location recognition},
  url = {http://www.robots.ox.ac.uk:5000/~vgg/publications/2014/arandjelovic14a/arandjelovic14a.pdf},
  year = {2015}
}

@inproceedings{arandjelovic_netvlad_2016,
  author = {Arandjelović, Relja and Gronat, Petr and Torii, Akihiko and Pajdla, Tomas and Sivic, Josef},
  booktitle = {Computer Vision and Pattern Recognition},
  date = {2016},
  eventtitle = {{CVPR}},
  keywords = {{CNN}, instance recognition, location recognition, {VLAD}},
  pages = {5297--5307},
  title = {{NetVLAD}: {CNN} architecture for weakly supervised place recognition},
  url = {http://arxiv.org/abs/1511.07247},
  year = {2016}
}

@inproceedings{baumberg_reliable_2000,
  author = {Baumberg, Adam},
  booktitle = {Computer Vision and Pattern Recognition},
  date = {2000},
  pages = {774--781},
  title = {Reliable feature matching across widely separated views},
  url = {http://ieeexplore.ieee.org/xpls/abs_all.jsp?arnumber=855899},
  volume = {1},
  year = {2000}
}

@incollection{bay_surf_2006,
  abstract = {In this paper, we present a novel},
  author = {Bay, Herbert and Tuytelaars, Tinne and Gool, Luc Van},
  booktitle = {European Conference on Computer Vision},
  date = {2006-01-01},
  keywords = {descriptor},
  number = {3951},
  pages = {404--417},
  rights = {©2006 Springer Berlin Heidelberg},
  title = {{SURF}: Speeded Up Robust Features},
  url = {http://link.springer.com/chapter/10.1007/11744023_32},
  year = {2006}
}

@article{beaudet_rotationally_1978,
  abstract = {Hessian},
  author = {Beaudet, P. R.},
  date = {1978},
  file = {Rotationally invariant image operators:/home/joncrall/.zotero/zotero/q70dyzwb.default/zotero/storage/DZR5UPTJ/242529536_Rotationally_invariant_image_operators.html:text/html},
  journal = {International Joint Conference on Pattern Recognition},
  title = {Rotationally invariant image operators},
  volume = {Vol. 579},
  year = {1978}
}

@inproceedings{beis_shape_1997,
  abstract = {{BBF} best bin first},
  author = {Beis, Jeffrey S. and Lowe, David G.},
  booktitle = {Computer Vision and Pattern Recognition},
  date = {1997},
  pages = {1000--1006},
  title = {Shape indexing using approximate nearest-neighbour search in high-dimensional spaces},
  url = {http://ieeexplore.ieee.org/xpls/abs_all.jsp?arnumber=609451},
  year = {1997}
}

@article{belhumeur_eigenfaces_1997,
  abstract = {We develop a face recognition algorithm which},
  author = {Belhumeur, P.N. and Hespanha, J.P. and Kriegman, D.},
  date = {1997-07},
  doi = {10.1109/34.598228},
  file = {IEEE Xplore Abstract Record:/home/joncrall/.zotero/zotero/q70dyzwb.default/zotero/storage/BRI8GK6R/abs_all.html:text/html},
  issn = {0162-8828},
  journal = {Transactions on Pattern Analysis and Machine Intelligence},
  number = {7},
  pages = {711--720},
  title = {Eigenfaces vs. Fisherfaces: recognition using class specific linear projection},
  volume = {19},
  year = {1997}
}

@inproceedings{belhumeur_localizing_2011,
  author = {Belhumeur, Peter N. and Jacobs, David W. and Kriegman, David J. and Kumar, Neeraj},
  booktitle = {Computer Vision and Pattern Recognition},
  date = {2011},
  pages = {545--552},
  title = {Localizing parts of faces using a consensus of exemplars},
  url = {http://ieeexplore.ieee.org/xpls/abs_all.jsp?arnumber=5995602},
  year = {2011}
}

@article{bengio_representation_2013,
  abstract = {The success of machine learning algorithms generally},
  author = {Bengio, Y. and Courville, A. and Vincent, P.},
  date = {2013-08},
  doi = {10.1109/TPAMI.2013.50},
  file = {IEEE Xplore Abstract Record:/home/joncrall/.zotero/zotero/q70dyzwb.default/zotero/storage/2SNB4749/abs_all.html:text/html},
  issn = {0162-8828},
  journal = {Transactions on Pattern Analysis and Machine Intelligence},
  number = {8},
  pages = {1798--1828},
  title = {Representation Learning: A Review and New Perspectives},
  volume = {35},
  year = {2013}
}

@article{bentley_multidimensional_1975,
  abstract = {kdtree orig},
  author = {Bentley, Jon Louis},
  date = {1975-09},
  doi = {10.1145/361002.361007},
  issn = {0001-0782},
  journal = {Communications ACM},
  number = {9},
  pages = {509--517},
  title = {Multidimensional Binary Search Trees Used for Associative Searching},
  url = {http://doi.acm.org/10.1145/361002.361007},
  volume = {18},
  year = {1975}
}

@inproceedings{berg_tom_vs_pete_2012,
  author = {Berg, Thomas and Belhumeur, Peter N.},
  booktitle = {British Machine Vision Conference},
  date = {2012},
  keywords = {{POOF}},
  pages = {5},
  title = {Tom-vs-Pete Classifiers and Identity-Preserving Alignment for Face Verification.},
  url = {http://www.cs.bris.ac.uk/~haines/Documents/Tom_vs_PeteClassifiers.pdf},
  volume = {1},
  year = {2012}
}

@inproceedings{berg_how_2013,
  author = {Berg, Thomas and Belhumeur, Peter N.},
  date = {2013},
  eventtitle = {{ICCV}},
  keywords = {fine-grained, {POOF}},
  title = {How Do You Tell a Blackbird from a Crow?},
  year = {2013}
}

@article{berg_poof_2013,
  author = {Berg, Thomas and Belhumeur, Peter N.},
  date = {2013},
  journal = {Computer Vision and Pattern Recognition},
  keywords = {noteable-paper, {POOF}},
  title = {{POOF}: Part-Based One-vs-One Features for Fine-Grained Categorization, Face Verification, and Attribute Estimation},
  url = {http://www.cs.columbia.edu/~tberg/papers/poof-cvpr13.pdf},
  year = {2013}
}

@inproceedings{bo_efficient_2009,
  author = {Bo, Liefeng and Sminchisescu, Cristian},
  booktitle = {Advances in Neural Information Processing Systems},
  date = {2009},
  keywords = {{SMK}},
  pages = {135--143},
  title = {Efficient Match Kernel between Sets of Features for Visual Recognition},
  url = {http://papers.nips.cc/paper/3874-efficient-match-kernel-between-sets-of-features-for-visual-recognition.pdf},
  year = {2009}
}

@inproceedings{boiman_defense_2008,
  author = {Boiman, Oren and Shechtman, Eli and Irani, Michal},
  booktitle = {Computer Vision and Pattern Recognition},
  date = {2008},
  keywords = {category recognition, landmark-paper, {NBNN}},
  pages = {1--8},
  title = {In defense of nearest-neighbor based image classification},
  url = {http://ieeexplore.ieee.org/xpls/abs_all.jsp?arnumber=4587598},
  year = {2008}
}

@inproceedings{boureau_learning_2010,
  abstract = {Many successful models for scene or object},
  author = {Boureau, Y.-L. and Bach, F. and {LeCun}, Y. and Ponce, J.},
  booktitle = {Computer Vision and Pattern Recognition},
  date = {2010-06},
  doi = {10.1109/CVPR.2010.5539963},
  eventtitle = {2010 {IEEE} Conference on Computer Vision and Pattern Recognition ({CVPR})},
  file = {IEEE Xplore Abstract Record:/home/joncrall/.zotero/zotero/q70dyzwb.default/zotero/storage/CKE373SK/abs_all.html:text/html},
  pages = {2559--2566},
  title = {Learning mid-level features for recognition},
  year = {2010}
}

@inproceedings{boureau_theoretical_2010,
  author = {Boureau, Y.-Lan and Ponce, Jean and {LeCun}, Yann},
  booktitle = {International Conference on Machine Learning},
  date = {2010},
  pages = {111--118},
  title = {A theoretical analysis of feature pooling in visual recognition},
  url = {http://machinelearning.wustl.edu/mlpapers/paper_files/icml2010_BoureauPL10.pdf},
  year = {2010}
}

@article{branson_bird_2014,
  abstract = {We propose an architecture for fine-grained visual},
  author = {Branson, Steve and Van Horn, Grant and Belongie, Serge and Perona, Pietro},
  date = {2014-06-11},
  eprint = {1406.2952},
  eprinttype = {arxiv},
  file = {arXiv.org Snapshot:/home/joncrall/.zotero/zotero/q70dyzwb.default/zotero/storage/TTVUHDQR/1406.html:text/html},
  journal = {arXiv},
  title = {Bird Species Categorization Using Pose Normalized Deep Convolutional Nets},
  url = {http://arxiv.org/abs/1406.2952},
  year = {2014}
}

@inproceedings{branson_visual_2010,
  author = {Branson, Steve and Wah, Catherine and Schroff, Florian and Babenko, Boris and Welinder, Peter and Perona, Pietro and Belongie, Serge},
  booktitle = {European Conference on Computer Vision},
  date = {2010},
  keywords = {category recognition},
  pages = {438--451},
  title = {Visual recognition with humans in the loop},
  url = {http://link.springer.com/chapter/10.1007/978-3-642-15561-1_32},
  year = {2010}
}

@article{breiman_random_2001,
  abstract = {Random forests are a combination of tree},
  author = {Breiman, Leo},
  date = {2001-10},
  doi = {10.1023/A:1010933404324},
  file = {Snapshot:/home/joncrall/.zotero/zotero/q70dyzwb.default/zotero/storage/JM29MHBF/A1010933404324.html:text/html},
  issn = {0885-6125, 1573-0565},
  journal = {Machine Learning},
  keywords = {Random Forests},
  langid = {english},
  number = {1},
  pages = {5--32},
  shortjournal = {Machine Learning},
  title = {Random Forests},
  url = {http://link.springer.com/article/10.1023/A%3A1010933404324},
  volume = {45},
  year = {2001}
}

@article{brown_discriminative_2011,
  abstract = {liberty yosemite notre-dame},
  author = {Brown, M. and Hua, Gang and Winder, S.},
  date = {2011-01},
  doi = {10.1109/TPAMI.2010.54},
  file = {IEEE Xplore Abstract Record:/home/joncrall/.zotero/zotero/q70dyzwb.default/zotero/storage/DTVUUAE2/login.html:text/html},
  issn = {0162-8828},
  journal = {Transactions on Pattern Analysis and Machine Intelligence},
  keywords = {liberty-dataset},
  number = {1},
  pages = {43--57},
  title = {Discriminative Learning of Local Image Descriptors},
  volume = {33},
  year = {2011}
}

@article{buoncompagni_saliency_based_2015,
  abstract = {In this paper we present a new},
  author = {Buoncompagni, Simone and Maio, Dario and Maltoni, Davide and Papi, Serena},
  date = {2015-09-01},
  doi = {10.1016/j.patrec.2015.04.019},
  file = {ScienceDirect Snapshot:/home/joncrall/.zotero/zotero/q70dyzwb.default/zotero/storage/5D4J8VC4/S0167865515001464.html:text/html},
  issn = {0167-8655},
  journal = {Pattern Recognition Letters},
  pages = {32--40},
  shortjournal = {Pattern Recognition Letters},
  title = {Saliency-based keypoint selection for fast object detection and matching},
  url = {http://www.sciencedirect.com/science/article/pii/S0167865515001464},
  volume = {62},
  year = {2015}
}

@article{calonder_brief_2010,
  author = {Calonder, Michael and Lepetit, Vincent and Strecha, Christoph and Fua, Pascal},
  date = {2010},
  journal = {European Conference on Computer Vision},
  keywords = {descriptor},
  pages = {778--792},
  title = {Brief: Binary robust independent elementary features},
  url = {http://www.springerlink.com/index/h8h1824827036042.pdf},
  year = {2010}
}

@inproceedings{cao_learning_2012,
  author = {Cao, Song and Snavely, Noah},
  booktitle = {European Conference on Computer Vision},
  date = {2012},
  pages = {259--270},
  title = {Learning to match images in large-scale collections},
  url = {http://link.springer.com/chapter/10.1007/978-3-642-33863-2_26},
  year = {2012}
}

@article{chao_estimating_1987,
  author = {Chao, Anne},
  date = {1987-12-01},
  doi = {10.2307/2531532},
  issn = {0006-341X},
  journal = {Biometrics},
  number = {4},
  pages = {783--791},
  rights = {Copyright © 1987 International Biometric Society},
  shortjournal = {Biometrics},
  title = {Estimating the Population Size for Capture-Recapture Data with Unequal Catchability},
  url = {http://www.jstor.org/stable/2531532},
  volume = {43},
  year = {1987}
}

@inproceedings{charikar_similarity_2002,
  author = {Charikar, Moses S.},
  booktitle = {ACM symposium on Theory of computing},
  date = {2002},
  keywords = {landmark-paper, locality sensitive hashing},
  pages = {380--388},
  title = {Similarity estimation techniques from rounding algorithms},
  url = {http://dl.acm.org/citation.cfm?id=509965},
  year = {2002}
}

@article{chatfield_return_2014,
  abstract = {The latest generation of Convolutional Neural Networks},
  author = {Chatfield, Ken and Simonyan, Karen and Vedaldi, Andrea and Zisserman, Andrew},
  date = {2014-05-14},
  eprint = {1405.3531},
  eprinttype = {arxiv},
  file = {arXiv.org Snapshot:/home/joncrall/.zotero/zotero/q70dyzwb.default/zotero/storage/5MI3BE6E/1405.html:text/html},
  journal = {arXiv},
  title = {Return of the Devil in the Details: Delving Deep into Convolutional Nets},
  url = {http://arxiv.org/abs/1405.3531},
  year = {2014}
}

@article{chatfield_efficient_2014,
  abstract = {We investigate the gains in precision and},
  author = {Chatfield, Ken and Simonyan, Karen and Zisserman, Andrew},
  date = {2014-07-17},
  eprint = {1407.4764},
  eprinttype = {arxiv},
  file = {arXiv.org Snapshot:/home/joncrall/.zotero/zotero/q70dyzwb.default/zotero/storage/CJAUMF8R/1407.html:text/html;arXiv.org Snapshot:/home/joncrall/.zotero/zotero/q70dyzwb.default/zotero/storage/G47J65DG/1407.html:text/html},
  journal = {arXiv},
  title = {Efficient On-the-fly Category Retrieval using {ConvNets} and {GPUs}},
  url = {http://arxiv.org/abs/1407.4764},
  year = {2014}
}

@inproceedings{chen_blessing_2013,
  abstract = {Making a high-dimensional (e.g., 100K-dim) feature for},
  author = {Chen, Dong and Cao, Xudong and Wen, Fang and Sun, Jian},
  booktitle = {Computer Vision and Pattern Recognition},
  date = {2013-06},
  doi = {10.1109/CVPR.2013.389},
  eventtitle = {2013 {IEEE} Conference on Computer Vision and Pattern Recognition ({CVPR})},
  file = {IEEE Xplore Abstract Record:/home/joncrall/.zotero/zotero/q70dyzwb.default/zotero/storage/VEI32BMD/abs_all.html:text/html},
  pages = {3025--3032},
  title = {Blessing of Dimensionality: High-Dimensional Feature and Its Efficient Compression for Face Verification},
  year = {2013}
}

@inproceedings{chopra_learning_2005,
  abstract = {We present a method for training a},
  author = {Chopra, S. and Hadsell, R. and {LeCun}, Y.},
  booktitle = {Computer Vision and Pattern Recognition},
  date = {2005-06},
  doi = {10.1109/CVPR.2005.202},
  eventtitle = {{IEEE} Computer Society Conference on Computer Vision and Pattern Recognition, 2005. {CVPR} 2005},
  keywords = {contrastive loss, siamese network},
  pages = {539--546 vol. 1},
  title = {Learning a similarity metric discriminatively, with application to face verification},
  volume = {1},
  year = {2005}
}

@inproceedings{chum_near_2008,
  abstract = {chum\_near\_2008},
  author = {Chum, O. and Philbin, J. and Zisserman, A.},
  booktitle = {British Machine Vision Association},
  date = {2008},
  doi = {10.5244/C.22.50},
  keywords = {min-hash, near duplicate detection, noteable-paper, tf-idf},
  pages = {50.1--50.10},
  title = {Near Duplicate Image Detection: min-Hash and tf-idf Weighting},
  url = {http://www.bmva.org/bmvc/2008/papers/119.html},
  year = {2008}
}

@article{chum_large_scale_2010,
  abstract = {chum\_large-scale\_2010},
  author = {Chum, Ondřej and Matas, Jiří},
  date = {2010-02},
  doi = {10.1109/TPAMI.2009.166},
  file = {IEEE Xplore Abstract Record:/home/joncrall/.zotero/zotero/q70dyzwb.default/zotero/storage/IUMH9D6Q/abs_all.html:text/html},
  issn = {0162-8828},
  journal = {Transactions on Pattern Analysis and Machine Intelligence},
  keywords = {min-hash, noteable-paper},
  number = {2},
  pages = {371--377},
  title = {Large-Scale Discovery of Spatially Related Images},
  volume = {32},
  year = {2010}
}

@inproceedings{chum_fast_2012,
  abstract = {chum\_fast\_2012},
  author = {Chum, Ondřej and Matas, Jiří},
  booktitle = {Computer Vision and Pattern Recognition},
  date = {2012},
  pages = {3077--3084},
  title = {Fast computation of min-Hash signatures for image collections},
  url = {http://ieeexplore.ieee.org/xpls/abs_all.jsp?arnumber=6248039},
  year = {2012}
}

@inproceedings{chum_homography_2012,
  abstract = {chum\_homography\_2012},
  author = {Chum, Ondřej and Matas, Jiří},
  booktitle = {International Conference on Pattern Recognition},
  date = {2012-11},
  eventtitle = {2012 21st International Conference on Pattern Recognition ({ICPR})},
  file = {IEEE Xplore Abstract Record:/home/joncrall/.zotero/zotero/q70dyzwb.default/zotero/storage/IW5IP5EW/login.html:text/html},
  pages = {3236--3239},
  title = {Homography estimation from correspondences of local elliptical features},
  year = {2012}
}

@incollection{chum_locally_2003,
  abstract = {chum\_locally\_2003},
  author = {Chum, Ondřej and Matas, Jiří and Kittler, Josef},
  booktitle = {Pattern Recognition},
  date = {2003-01-01},
  number = {2781},
  pages = {236--243},
  rights = {©2003 Springer-Verlag Berlin Heidelberg},
  title = {Locally Optimized {RANSAC}},
  url = {http://link.springer.com/chapter/10.1007/978-3-540-45243-0_31},
  year = {2003}
}

@inproceedings{chum_total_2011,
  abstract = {chum\_total\_2011},
  author = {Chum, Ondřej and Mikulík, Andrej and Perdoch, Michal and Matas, Jiří},
  booktitle = {Computer Vision and Pattern Recognition},
  date = {2011},
  pages = {889--896},
  title = {Total recall {II}: Query expansion revisited},
  url = {http://ieeexplore.ieee.org/xpls/abs_all.jsp?arnumber=5995601},
  year = {2011}
}

@inproceedings{chum_geometric_2009,
  abstract = {chum\_geometric\_2009},
  author = {Chum, Ondřej and Perdoch, Michal and Matas, Jiří},
  booktitle = {Computer Vision and Pattern Recognition},
  date = {2009},
  keywords = {min-hash, noteable-paper},
  pages = {17--24},
  title = {Geometric min-hashing: Finding a (thick) needle in a haystack},
  url = {http://ieeexplore.ieee.org/xpls/abs_all.jsp?arnumber=5206531},
  year = {2009}
}

@inproceedings{chum_total_2007,
  abstract = {chum\_total\_2007},
  author = {Chum, Ondřej and Philbin, James and Sivic, Josef and Isard, Michael and Zisserman, Andrew},
  date = {2007},
  eventtitle = {Computer Vision, 2007. {ICCV} 2007. {IEEE} 11th International Conference on},
  keywords = {noteable-paper},
  pages = {1--8},
  title = {Total recall: Automatic query expansion with a generative feature model for object retrieval},
  year = {2007}
}

@inproceedings{cinbis_image_2012,
  abstract = {The bag-of-words ({BoW}) model treats images as},
  author = {Cinbis, R.G. and Verbeek, J. and Schmid, C.},
  booktitle = {Computer Vision and Pattern Recognition},
  date = {2012-06},
  doi = {10.1109/CVPR.2012.6247926},
  eventtitle = {2012 {IEEE} Conference on Computer Vision and Pattern Recognition ({CVPR})},
  file = {IEEE Xplore Abstract Record:/home/joncrall/.zotero/zotero/q70dyzwb.default/zotero/storage/B9QFS45D/abs_all.html:text/html},
  pages = {2184--2191},
  title = {Image categorization using Fisher kernels of non-iid image models},
  year = {2012}
}

@inproceedings{ciresan_multi_column_2012,
  abstract = {Traditional methods of computer vision and machine},
  author = {Ciresan, D. and Meier, U. and Schmidhuber, J.},
  booktitle = {Computer Vision and Pattern Recognition},
  date = {2012-06},
  doi = {10.1109/CVPR.2012.6248110},
  eventtitle = {2012 {IEEE} Conference on Computer Vision and Pattern Recognition ({CVPR})},
  file = {IEEE Xplore Abstract Record:/home/joncrall/.zotero/zotero/q70dyzwb.default/zotero/storage/XRF7T2PE/abs_all.html:text/html},
  keywords = {{CNN}, landmark-paper},
  pages = {3642--3649},
  title = {Multi-column deep neural networks for image classification},
  year = {2012}
}

@article{ciresan_high_performance_2011,
  abstract = {We present a fast, fully parameterizable {GPU}},
  author = {Cireşan, Dan C. and Meier, Ueli and Masci, Jonathan and Gambardella, Luca M. and Schmidhuber, Jürgen},
  date = {2011-02-01},
  eprint = {1102.0183},
  eprinttype = {arxiv},
  file = {arXiv.org Snapshot:/home/joncrall/.zotero/zotero/q70dyzwb.default/zotero/storage/2G4V22HQ/1102.html:text/html},
  journal = {arXiv},
  title = {High-Performance Neural Networks for Visual Object Classification},
  url = {http://arxiv.org/abs/1102.0183},
  year = {2011}
}

@article{cormack_estimates_1964,
  author = {Cormack, R. M.},
  date = {1964-12-01},
  doi = {10.2307/2334149},
  issn = {0006-3444},
  journal = {Biometrika},
  number = {3},
  pages = {429--438},
  rights = {Copyright © 1964 Biometrika Trust},
  shortjournal = {Biometrika},
  title = {Estimates of Survival from the Sighting of Marked Animals},
  url = {http://www.jstor.org/stable/2334149},
  volume = {51},
  year = {1964}
}

@incollection{craw_face_1992,
  abstract = {We describe a coding scheme to index},
  author = {Craw, Ian and Cameron, Peter},
  booktitle = {British Machine Vision Conference},
  date = {1992},
  file = {Snapshot:/home/joncrall/.zotero/zotero/q70dyzwb.default/zotero/storage/GXR5HREZ/978-1-4471-3201-1_52.html:text/html},
  langid = {english},
  pages = {498--507},
  rights = {©1992 Springer-Verlag London},
  title = {Face Recognition by Computer},
  url = {http://link.springer.com/chapter/10.1007/978-1-4471-3201-1_52},
  year = {1992}
}

@inproceedings{csurka_visual_2004,
  abstract = {an orig bow-svm},
  author = {Csurka, Gabriella and Dance, Christopher and Fan, Lixin and Willamowski, Jutta and Bray, Cédric},
  booktitle = {European Conference on Computer Vision},
  date = {2004},
  pages = {1--2},
  title = {Visual categorization with bags of keypoints},
  url = {http://webstaff.itn.liu.se/~reile/edu/TNM025/Handouts/csurka2004.pdf},
  volume = {1},
  year = {2004}
}

@inproceedings{dahl_improving_2013,
  author = {Dahl, George E. and Sainath, Tara N. and Hinton, Geoffrey E.},
  booktitle = {International Conference on Acoustics, Speech and Signal Processing},
  date = {2013},
  title = {Improving Deep Neural Networks for {LVCSR} using Rectified Linear Units and Dropout},
  url = {http://www.cs.toronto.edu/~gdahl/papers/reluDropoutBN_icassp2013.pdf},
  year = {2013}
}

@inproceedings{dalal_histograms_2005,
  author = {Dalal, Navneet and Triggs, Bill},
  booktitle = {Computer Vision and Pattern Recognition},
  date = {2005},
  keywords = {landmark-paper, object detection},
  pages = {886--893},
  title = {Histograms of oriented gradients for human detection},
  url = {http://ieeexplore.ieee.org/xpls/abs_all.jsp?arnumber=1467360},
  volume = {1},
  year = {2005}
}

@inproceedings{dantone_real_time_2012,
  author = {Dantone, M. and Gall, J. and Fanelli, G. and Van Gool, L.},
  booktitle = {Computer Vision and Pattern Recognition},
  date = {2012},
  doi = {10.1109/CVPR.2012.6247976},
  eventtitle = {2012 {IEEE} Conference on Computer Vision and Pattern Recognition ({CVPR})},
  pages = {2578--2585},
  title = {Real-time facial feature detection using conditional regression forests},
  year = {2012}
}

@inproceedings{datar_locality_sensitive_2004,
  abstract = {{LSH}},
  author = {Datar, Mayur and Immorlica, Nicole and Indyk, Piotr and Mirrokni, Vahab S.},
  booktitle = {Symposium on Computational Geometry},
  date = {2004},
  doi = {10.1145/997817.997857},
  keywords = {landmark-paper, locality sensitive hashing},
  location = {New York, {NY}, {USA}},
  pages = {253--262},
  title = {Locality-sensitive Hashing Scheme Based on P-stable Distributions},
  url = {http://doi.acm.org/10.1145/997817.997857},
  year = {2004}
}

@inproceedings{dean_fast_2013,
  author = {Dean, Thomas and Ruzon, Mark A. and Segal, Mark and Shlens, Jonathon and Vijayanarasimhan, Sudheendra and Yagnik, Jay},
  booktitle = {Computer Vision and Pattern Recognition},
  date = {2013},
  title = {Fast, Accurate Detection of 100,000 Object Classes on a Single Machine},
  url = {http://research.google.com/pubs/archive/40814.pdf},
  year = {2013}
}

@inproceedings{delhumeau_revisiting_2013,
  abstract = {Recent works on image retrieval have proposed},
  author = {Delhumeau, Jonathan and Gosselin, Philippe-Henri and Jégou, Hervé and Pérez, Patrick},
  booktitle = {ACM International Conference on Multimedia},
  date = {2013},
  doi = {10.1145/2502081.2502171},
  keywords = {{VLAD}},
  location = {New York, {NY}, {USA}},
  pages = {653--656},
  title = {Revisiting the {VLAD} Image Representation},
  url = {http://doi.acm.org/10.1145/2502081.2502171},
  year = {2013}
}

@inproceedings{deng_imagenet_2009,
  abstract = {image net},
  author = {Deng, Jia and Dong, Wei and Socher, R. and Li, Li-Jia and Li, Kai and Fei-Fei, Li},
  booktitle = {Computer Vision and Pattern Recognition},
  date = {2009},
  doi = {10.1109/CVPR.2009.5206848},
  eventtitle = {{CVPR}},
  keywords = {image-net, landmark-paper},
  pages = {248--255},
  title = {{ImageNet} - A large-scale hierarchical image database},
  year = {2009}
}

@article{ding_investigation_2010,
  author = {Ding, Yufeng and Simonoff, Jeffrey S.},
  date = {2010},
  issue = {Jan},
  journal = {Journal of Machine Learning Research},
  pages = {131--170},
  title = {An investigation of missing data methods for classification trees applied to binary response data},
  url = {http://www.jmlr.org/papers/v11/ding10a.html},
  volume = {11},
  year = {2010}
}

@article{donahue_decaf_2013,
  author = {Donahue, Jeff and Jia, Yangqing and Vinyals, Oriol and Hoffman, Judy and Zhang, Ning and Tzeng, Eric and Darrell, Trevor},
  date = {2013},
  journal = {arXiv},
  title = {{DeCAF}: A Deep Convolutional Activation Feature for Generic Visual Recognition},
  url = {http://arxiv.org/abs/1310.1531},
  year = {2013}
}

@inproceedings{douze_combining_2011,
  author = {Douze, M. and Ramisa, A. and Schmid, C.},
  booktitle = {Computer Vision and Pattern Recognition},
  date = {2011-06},
  doi = {10.1109/CVPR.2011.5995595},
  eventtitle = {2011 {IEEE} Conference on Computer Vision and Pattern Recognition ({CVPR})},
  file = {IEEE Xplore Abstract Record:/home/joncrall/.zotero/zotero/q70dyzwb.default/zotero/storage/D4RKABRC/abs_all.html:text/html},
  pages = {745--752},
  title = {Combining attributes and Fisher vectors for efficient image retrieval},
  year = {2011}
}

@inproceedings{douze_evaluation_2009,
  abstract = {The {GIST} descriptor has recently received increasing},
  author = {Douze, Matthijs and Jégou, Hervé and Sandhawalia, Harsimrat and Amsaleg, Laurent and Schmid, Cordelia},
  booktitle = {International Conference on Image and Video Retrieval},
  date = {2009},
  doi = {10.1145/1646396.1646421},
  location = {New York, {NY}, {USA}},
  pages = {19:1--19:8},
  title = {Evaluation of {GIST} Descriptors for Web-scale Image Search},
  url = {http://doi.acm.org/10.1145/1646396.1646421},
  year = {2009}
}

@online{esfahanian_connectivity_2017,
  author = {Esfahanian, Abdol-Hossein},
  date = {2017},
  title = {Connectivity Algorithms},
  url = {http://www.cse.msu.edu/~cse835/Papers/Graph_connectivity_revised.pdf},
  year = {2017}
}

@article{eswaran_augmentation_1976,
  author = {Eswaran, Kapali P. and Tarjan, R. Endre},
  date = {1976},
  file = {out.pdf:/home/joncrall/.zotero/zotero/q70dyzwb.default/zotero/storage/E7B5QDWM/out.pdf:application/pdf},
  journal = {SIAM Journal on Computing},
  number = {4},
  pages = {653--665},
  title = {Augmentation problems},
  url = {http://epubs.siam.org/doi/abs/10.1137/0205044},
  volume = {5},
  year = {1976}
}

@article{everingham_pascal_2015,
  author = {Everingham, Mark and Eslami, S. M. Ali and Van Gool, Luc and Williams, Christopher K. I. and Winn, John and Zisserman, Andrew},
  date = {2015-01},
  doi = {10.1007/s11263-014-0733-5},
  issn = {0920-5691, 1573-1405},
  journal = {International Journal of Computer Vision},
  keywords = {pascal-voc},
  langid = {english},
  number = {1},
  pages = {98--136},
  title = {The Pascal Visual Object Classes Challenge: A Retrospective},
  url = {http://link.springer.com/10.1007/s11263-014-0733-5},
  volume = {111},
  year = {2015}
}

@article{everingham_pascal_2010,
  abstract = {The Pascal Visual Object Classes ({VOC}) challenge},
  author = {Everingham, Mark and Gool, Luc Van and Williams, Christopher K. I. and Winn, John and Zisserman, Andrew},
  date = {2010-06-01},
  doi = {10.1007/s11263-009-0275-4},
  issn = {0920-5691, 1573-1405},
  journal = {International Journal of Computer Vision},
  keywords = {pascal-voc},
  langid = {english},
  number = {2},
  pages = {303--338},
  shortjournal = {{IJCV}},
  title = {The Pascal Visual Object Classes Challenge},
  url = {http://link.springer.com/article/10.1007/s11263-009-0275-4},
  volume = {88},
  year = {2010}
}

@article{fei_fei_one_shot_2006,
  abstract = {caltech 101},
  author = {Fei-Fei, Li and Fergus, R. and Perona, P.},
  date = {2006-04},
  doi = {10.1109/TPAMI.2006.79},
  file = {IEEE Xplore Abstract Record:/home/joncrall/.zotero/zotero/q70dyzwb.default/zotero/storage/A8QSJDT6/abs_all.html:text/html},
  issn = {0162-8828},
  journal = {Transactions on Pattern Analysis and Machine Intelligence},
  keywords = {caltech-101},
  number = {4},
  pages = {594--611},
  title = {One-shot learning of object categories},
  volume = {28},
  year = {2006}
}

@article{felzenszwalb_object_2010,
  author = {Felzenszwalb, P F and Girshick, R B and {McAllester}, D and Ramanan, D},
  date = {2010-09},
  doi = {10.1109/TPAMI.2009.167},
  issn = {0162-8828},
  journal = {Transactions on Pattern Analysis and Machine Intelligence},
  keywords = {landmark-paper, object detection, parts-model},
  number = {9},
  pages = {1627--1645},
  title = {Object Detection with Discriminatively Trained Part-Based Models},
  url = {http://ieeexplore.ieee.org/lpdocs/epic03/wrapper.htm?arnumber=5255236},
  volume = {32},
  year = {2010}
}

@article{fischler_random_1981,
  abstract = {ransac},
  author = {Fischler, Martin A. and Bolles, Robert C.},
  date = {1981-06},
  doi = {10.1145/358669.358692},
  issn = {0001-0782},
  journal = {Communications ACM},
  number = {6},
  pages = {381--395},
  title = {Random Sample Consensus: A Paradigm for Model Fitting with Applications to Image Analysis and Automated Cartography},
  url = {http://doi.acm.org/10.1145/358669.358692},
  volume = {24},
  year = {1981}
}

@article{friedman_algorithm_1977,
  author = {Friedman, Jerome H. and Bentley, Jon Louis and Finkel, Raphael Ari},
  date = {1977},
  journal = {ACM Transactions on Mathematical Software},
  number = {3},
  pages = {209--226},
  title = {An algorithm for finding best matches in logarithmic expected time},
  url = {http://dl.acm.org/citation.cfm?id=355745},
  volume = {3},
  year = {1977}
}

@article{fukushima_neocognitron_1988,
  abstract = {A neural network model for visual pattern},
  author = {Fukushima, Kunihiko},
  date = {1988},
  doi = {10.1016/0893-6080(88)90014-7},
  file = {ScienceDirect Snapshot:/home/joncrall/.zotero/zotero/q70dyzwb.default/zotero/storage/UXBAQUNX/0893608088900147.html:text/html},
  issn = {0893-6080},
  journal = {Transactions on Neural Networks},
  keywords = {{CNN}},
  number = {2},
  pages = {119--130},
  shortjournal = {Neural Networks},
  title = {Neocognitron: A hierarchical neural network capable of visual pattern recognition},
  url = {http://www.sciencedirect.com/science/article/pii/0893608088900147},
  volume = {1},
  year = {1988}
}

@inproceedings{fulkerson_class_2009,
  abstract = {We propose a method to identify and},
  author = {Fulkerson, B. and Vedaldi, A. and Soatto, S.},
  booktitle = {International Conference on Computer Vision},
  date = {2009-09},
  doi = {10.1109/ICCV.2009.5459175},
  eventtitle = {2009 {IEEE} 12th International Conference on Computer Vision},
  file = {IEEE Xplore Abstract Record:/home/joncrall/.zotero/zotero/q70dyzwb.default/zotero/storage/BIISCWE9/5459175.html:text/html},
  pages = {670--677},
  title = {Class segmentation and object localization with superpixel neighborhoods},
  year = {2009}
}

@article{gabor_theory_1946,
  abstract = {gabor filters},
  author = {Gabor, D.},
  date = {1946-11},
  doi = {10.1049/ji-3-2.1946.0074},
  file = {IEEE Xplore Abstract Record:/home/joncrall/.zotero/zotero/q70dyzwb.default/zotero/storage/AGZT3TUD/abs_all.html:text/html},
  journal = {Journal of the Institution of Electrical Engineers},
  number = {26},
  pages = {429--441},
  title = {Theory of communication. Part 1: The analysis of information},
  volume = {93},
  year = {1946}
}

@inproceedings{gaussier_neural_1992,
  abstract = {Difference of Gaussian {DoG}},
  author = {Gaussier, P. and Cocquerez, J.-P.},
  booktitle = {International Joint Conference on Neural Networks},
  date = {1992-06},
  doi = {10.1109/IJCNN.1992.227165},
  eventtitle = {, International Joint Conference on Neural Networks, 1992. {IJCNN}},
  file = {IEEE Xplore Abstract Record:/home/joncrall/.zotero/zotero/q70dyzwb.default/zotero/storage/3GMAWK93/abs_all.html:text/html},
  pages = {233--259 vol.3},
  title = {Neural networks for complex scene recognition: simulation of a visual system with several cortical areas},
  volume = {3},
  year = {1992}
}

@article{gavves_local_2014,
  abstract = {The aim of this paper is fine-grained},
  author = {Gavves, Efstratios and Fernando, Basura and Snoek, Cees G. M. and Smeulders, Arnold W. M. and Tuytelaars, Tinne},
  date = {2014-07-19},
  doi = {10.1007/s11263-014-0741-5},
  file = {Snapshot:/home/joncrall/.zotero/zotero/q70dyzwb.default/zotero/storage/9H2WFENM/s11263-014-0741-5.html:text/html},
  issn = {0920-5691, 1573-1405},
  journal = {International Journal of Computer Vision},
  keywords = {fine-grained, parts-model},
  langid = {english},
  number = {2},
  pages = {191--212},
  shortjournal = {Int J Comput Vis},
  title = {Local Alignments for Fine-Grained Categorization},
  url = {http://link.springer.com/article/10.1007/s11263-014-0741-5},
  volume = {111},
  year = {2014}
}

@inproceedings{ge_optimized_2013,
  author = {Ge, Tiezheng and He, Kaiming and Ke, Qifa and Sun, Jian},
  booktitle = {Computer Vision and Pattern Recognition},
  date = {2013},
  title = {Optimized product quantization for approximate nearest neighbor search},
  url = {http://research.microsoft.com/en-us/um/people/kahe/publications/cvpr13opq.pdf},
  year = {2013}
}

@inproceedings{girshick_rich_2014,
  abstract = {Object detection performance, as measured on the},
  author = {Girshick, R. and Donahue, J. and Darrell, T. and Malik, J.},
  booktitle = {Computer Vision and Pattern Recognition},
  date = {2014-06},
  doi = {10.1109/CVPR.2014.81},
  eventtitle = {2014 {IEEE} Conference on Computer Vision and Pattern Recognition ({CVPR})},
  file = {IEEE Xplore Abstract Record:/home/joncrall/.zotero/zotero/q70dyzwb.default/zotero/storage/D3EFSUWV/abs_all.html:text/html},
  pages = {580--587},
  title = {Rich Feature Hierarchies for Accurate Object Detection and Semantic Segmentation},
  year = {2014}
}

@article{gong_multi_scale_2014,
  abstract = {vlad},
  author = {Gong, Yunchao and Wang, Liwei and Guo, Ruiqi and Lazebnik, Svetlana},
  date = {2014-03-07},
  eprint = {1403.1840},
  eprinttype = {arxiv},
  journal = {arXiv},
  keywords = {category recognition, instance recognition, {VLAD}},
  title = {Multi-scale Orderless Pooling of Deep Convolutional Activation Features},
  url = {http://arxiv.org/abs/1403.1840},
  year = {2014}
}

@article{goodfellow_maxout_2013,
  abstract = {We consider the problem of designing models},
  author = {Goodfellow, Ian J. and Warde-Farley, David and Mirza, Mehdi and Courville, Aaron and Bengio, Yoshua},
  date = {2013-02-18},
  eprint = {1302.4389},
  eprinttype = {arxiv},
  file = {arXiv.org Snapshot:/home/joncrall/.zotero/zotero/q70dyzwb.default/zotero/storage/SP7XKDW8/1302.html:text/html},
  journal = {arXiv},
  title = {Maxout Networks},
  url = {http://arxiv.org/abs/1302.4389},
  year = {2013}
}

@article{gosselin_revisiting_2014,
  abstract = {fv fine grained},
  author = {Gosselin, Philippe-Henri and Murray, Naila and Jégou, Hervé and Perronnin, Florent},
  date = {2014},
  journal = {Pattern Recognition Letters},
  pages = {92--98},
  title = {Revisiting the Fisher vector for fine-grained classification},
  url = {http://www.sciencedirect.com/science/article/pii/S0167865514002013},
  volume = {49},
  year = {2014}
}

@inproceedings{grauman_pyramid_2005,
  abstract = {pyramid-match-kernel},
  author = {Grauman, K. and Darrell, T.},
  booktitle = {International Conference on Computer Vision},
  date = {2005-10},
  doi = {10.1109/ICCV.2005.239},
  eventtitle = {Tenth {IEEE} International Conference on Computer Vision, 2005. {ICCV} 2005},
  file = {IEEE Xplore Abstract Record:/home/joncrall/.zotero/zotero/q70dyzwb.default/zotero/storage/ESW9DJGX/abs_all.html:text/html},
  keywords = {landmark-paper},
  pages = {1458--1465 Vol. 2},
  title = {The pyramid match kernel: discriminative classification with sets of image features},
  volume = {2},
  year = {2005}
}

@inproceedings{han_matchnet_2015,
  author = {Han, Xufeng and Leung, Thomas and Jia, Yangqing and Sukthankar, Rahul and Berg, Alexander C.},
  booktitle = {Computer Vision and Pattern Recognition},
  date = {2015},
  pages = {3279--3286},
  title = {{MatchNet}: Unifying Feature and Metric Learning for Patch-Based Matching},
  url = {http://www.cs.unc.edu/~xufeng/cs/papers/cvpr15-matchnet.pdf},
  year = {2015}
}

@inproceedings{harris_combined_1988,
  abstract = {harris-corner},
  author = {Harris, Chris and Stephens, Mike},
  booktitle = {British Machine Vision Association},
  date = {1988},
  pages = {50},
  title = {A combined corner and edge detector.},
  url = {http://citeseerx.ist.psu.edu/viewdoc/download?doi=10.1.1.434.4816&rep=rep1&type=pdf},
  volume = {15},
  year = {1988}
}

@book{hartley_multiple_2003,
  abstract = {homog estimation {RANSAC}},
  author = {Hartley, Richard and Zisserman, Andrew},
  date = {2003},
  langid = {english},
  pagetotal = {676},
  title = {Multiple View Geometry in Computer Vision},
  year = {2003}
}

@inproceedings{hassner_sifts_2012,
  author = {Hassner, Tal and Mayzels, Viki and Zelnik-Manor, Lihi},
  booktitle = {Computer Vision and Pattern Recognition},
  date = {2012},
  keywords = {descriptor},
  pages = {1522--1528},
  title = {On sifts and their scales},
  url = {http://ieeexplore.ieee.org/xpls/abs_all.jsp?arnumber=6247842},
  year = {2012}
}

@inproceedings{he_spatial_2014,
  abstract = {Existing deep convolutional neural networks ({CNNs}) require},
  author = {He, Kaiming and Zhang, Xiangyu and Ren, Shaoqing and Sun, Jian},
  booktitle = {European Conference on Computer Vision},
  date = {2014-09-06},
  file = {Snapshot:/home/joncrall/.zotero/zotero/q70dyzwb.default/zotero/storage/VHJ92AJI/978-3-319-10578-9_23.html:text/html},
  langid = {english},
  pages = {346--361},
  rights = {©2014 Springer International Publishing Switzerland},
  title = {Spatial Pyramid Pooling in Deep Convolutional Networks for Visual Recognition},
  url = {http://link.springer.com/chapter/10.1007/978-3-319-10578-9_23},
  year = {2014}
}

@article{heikkila_description_2009,
  abstract = {This paper presents a novel method for},
  author = {Heikkilä, Marko and Pietikäinen, Matti and Schmid, Cordelia},
  date = {2009-03},
  doi = {10.1016/j.patcog.2008.08.014},
  issn = {0031-3203},
  journal = {Pattern Recognition},
  number = {3},
  pages = {425--436},
  shortjournal = {Pattern Recognition},
  title = {Description of interest regions with local binary patterns},
  url = {http://www.sciencedirect.com/science/article/pii/S0031320308003282},
  volume = {42},
  year = {2009}
}

@article{held_deep_2015,
  author = {Held, David and Thrun, Sebastian and Savarese, Silvio},
  date = {2015},
  journal = {arXiv},
  keywords = {{CNN}, instance recognition},
  title = {Deep Learning for Single-View Instance Recognition},
  url = {http://arxiv.org/abs/1507.08286},
  year = {2015}
}

@article{hinton_improving_2012,
  abstract = {When a large feedforward neural network is},
  author = {Hinton, Geoffrey E. and Srivastava, Nitish and Krizhevsky, Alex and Sutskever, Ilya and Salakhutdinov, Ruslan R.},
  date = {2012-07-03},
  eprint = {1207.0580},
  eprinttype = {arxiv},
  file = {arXiv.org Snapshot:/home/joncrall/.zotero/zotero/q70dyzwb.default/zotero/storage/QAJW2M2W/1207.html:text/html},
  journal = {arXiv},
  keywords = {landmark-paper},
  title = {Improving neural networks by preventing co-adaptation of feature detectors},
  url = {http://arxiv.org/abs/1207.0580},
  year = {2012}
}

@article{hirzer_relaxed_2012,
  author = {Hirzer, Martin and Roth, Peter and Köstinger, Martin and Bischof, Horst},
  date = {2012},
  file = {978-3-642-33783-3_56.pdf:/home/joncrall/.zotero/zotero/q70dyzwb.default/zotero/storage/9XKFFDUT/978-3-642-33783-3_56.pdf:application/pdf},
  journal = {European Conference on Computer Vision},
  keywords = {person re-id},
  pages = {780--793},
  title = {Relaxed pairwise learned metric for person re-identification},
  url = {http://www.springerlink.com/index/Q851M054971R3477.pdf},
  year = {2012}
}

@inproceedings{huang_learning_2012,
  abstract = {Most modern face recognition systems rely on},
  author = {Huang, G.B. and Lee, Honglak and Learned-Miller, E.},
  booktitle = {Computer Vision and Pattern Recognition},
  date = {2012-06},
  doi = {10.1109/CVPR.2012.6247968},
  eventtitle = {2012 {IEEE} Conference on Computer Vision and Pattern Recognition ({CVPR})},
  file = {IEEE Xplore Abstract Record:/home/joncrall/.zotero/zotero/q70dyzwb.default/zotero/storage/2EWI8R5B/abs_all.html:text/html},
  pages = {2518--2525},
  title = {Learning hierarchical representations for face verification with convolutional deep belief networks},
  year = {2012}
}

@report{huang_labeled_2007,
  author = {Huang, Gary B. and Ramesh, Manu and Berg, Tamara and Learned-Miller, Erik},
  date = {2007},
  institution = {Technical Report 07-49, University of Massachusetts, Amherst},
  title = {Labeled faces in the wild: A database for studying face recognition in unconstrained environments},
  url = {https://www.cs.umass.edu/~elm/papers/lfw.pdf},
  year = {2007}
}

@article{iscen_comparison_2015,
  author = {Iscen, Ahmet and Tolias, Giorgos and Gosselin, Philippe-Henri and Jégou, Hervé},
  date = {2015},
  title = {A comparison of dense region detectors for image search and fine-grained classification},
  url = {http://ieeexplore.ieee.org/xpls/abs_all.jsp?arnumber=7086316},
  year = {2015}
}

@article{jiang_label_2013,
  abstract = {A label consistent K-{SVD} ({LC}-{KSVD}) algorithm to},
  author = {Jiang, Zhuolin and Lin, Zhe and Davis, L.S.},
  date = {2013-11},
  doi = {10.1109/TPAMI.2013.88},
  file = {IEEE Xplore Abstract Record:/home/joncrall/.zotero/zotero/q70dyzwb.default/zotero/storage/FQCX5BZE/abs_all.html:text/html},
  issn = {0162-8828},
  journal = {Transactions on Pattern Analysis and Machine Intelligence},
  number = {11},
  pages = {2651--2664},
  title = {Label Consistent K-{SVD}: Learning a Discriminative Dictionary for Recognition},
  volume = {35},
  year = {2013}
}

@incollection{jolliffe_principal_2014,
  author = {Jolliffe, Ian},
  booktitle = {Wiley StatsRef: Statistics Reference Online},
  date = {2014},
  file = {Snapshot:/home/joncrall/.zotero/zotero/q70dyzwb.default/zotero/storage/SNHXU24T/abstract\;jsessionid=1D9788961920C1D71D4F46E08070593B.html:text/html},
  langid = {english},
  rights = {Copyright © 2014 John Wiley \& Sons, Ltd. All rights reserved.},
  title = {Principal Component Analysis},
  url = {http://onlinelibrary.wiley.com/doi/10.1002/9781118445112.stat06472/abstract},
  year = {2014}
}

@article{jolly_explicit_1965,
  abstract = {orig jolly seber},
  author = {Jolly, G. M.},
  date = {1965-06-01},
  doi = {10.2307/2333826},
  issn = {0006-3444},
  journal = {Biometrika},
  number = {1},
  pages = {225--247},
  rights = {Copyright © 1965 Biometrika Trust},
  shortjournal = {Biometrika},
  title = {Explicit Estimates from Capture-Recapture Data with Both Death and Immigration-Stochastic Model},
  url = {http://www.jstor.org/stable/2333826},
  volume = {52},
  year = {1965}
}

@inproceedings{juneja_blocks_2013,
  author = {Juneja, M. and Vedaldi, A and Jawahar, C.V. and Zisserman, A},
  booktitle = {Computer Vision and Pattern Recognition},
  date = {2013-06},
  doi = {10.1109/CVPR.2013.124},
  eventtitle = {2013 {IEEE} Conference on Computer Vision and Pattern Recognition ({CVPR})},
  keywords = {fisher vector, instance recognition, location recognition, mit-scene-67, parts-model},
  pages = {923--930},
  title = {Blocks That Shout: Distinctive Parts for Scene Classification},
  year = {2013}
}

@inproceedings{jurie_creating_2005,
  abstract = {Visual codebook based quantization of robust appearance},
  author = {Jurie, F. and Triggs, B.},
  booktitle = {International Conference on Computer Vision},
  date = {2005-10},
  doi = {10.1109/ICCV.2005.66},
  eventtitle = {Tenth {IEEE} International Conference on Computer Vision, 2005. {ICCV} 2005},
  file = {IEEE Xplore Abstract Record:/home/joncrall/.zotero/zotero/q70dyzwb.default/zotero/storage/BX7NTJER/abs_all.html:text/html},
  keywords = {noteable-paper, sparse coding},
  pages = {604--610 Vol. 1},
  title = {Creating efficient codebooks for visual recognition},
  volume = {1},
  year = {2005}
}

@inproceedings{jegou_burstiness_2009,
  abstract = {bursty},
  author = {Jégou, H. and Douze, M. and Schmid, C.},
  booktitle = {Computer Vision and Pattern Recognition},
  date = {2009-06},
  doi = {10.1109/CVPR.2009.5206609},
  eventtitle = {{IEEE} Conference on Computer Vision and Pattern Recognition, 2009. {CVPR} 2009},
  file = {IEEE Xplore Abstract Record:/home/joncrall/.zotero/zotero/q70dyzwb.default/zotero/storage/IKWIUKIR/abs_all.html:text/html},
  keywords = {hamming embedding, noteable-paper},
  pages = {1169--1176},
  title = {On the burstiness of visual elements},
  year = {2009}
}

@article{jegou_product_2011,
  abstract = {This paper introduces a product quantization-based approach},
  author = {Jégou, H. and Douze, M. and Schmid, C.},
  date = {2011-01},
  doi = {10.1109/TPAMI.2010.57},
  file = {IEEE Xplore Abstract Record:/home/joncrall/.zotero/zotero/q70dyzwb.default/zotero/storage/J7CTNN8V/abs_all.html:text/html},
  issn = {0162-8828},
  journal = {Transactions on Pattern Analysis and Machine Intelligence},
  keywords = {noteable-paper, product quantization},
  number = {1},
  pages = {117--128},
  title = {Product Quantization for Nearest Neighbor Search},
  volume = {33},
  year = {2011}
}

@inproceedings{jegou_aggregating_2010,
  abstract = {vlad orig},
  author = {Jégou, H. and Douze, M. and Schmid, C. and Perez, P.},
  booktitle = {Computer Vision and Pattern Recognition},
  date = {2010-06},
  doi = {10.1109/CVPR.2010.5540039},
  eventtitle = {2010 {IEEE} Conference on Computer Vision and Pattern Recognition ({CVPR})},
  file = {IEEE Xplore Abstract Record:/home/joncrall/.zotero/zotero/q70dyzwb.default/zotero/storage/JRT6EZ7Z/abs_all.html:text/html},
  keywords = {landmark-paper, {VLAD}},
  pages = {3304--3311},
  title = {Aggregating local descriptors into a compact image representation},
  year = {2010}
}

@inproceedings{jegou_negative_2012,
  abstract = {jegou\_negative\_2012},
  author = {Jégou, Hervé and Chum, Ondřej},
  booktitle = {European Conference on Computer Vision},
  date = {2012},
  keywords = {holidays, noteable-paper, oxford5k, {VLAD}},
  pages = {774--787},
  title = {Negative evidences and co-occurences in image retrieval: The benefit of {PCA} and whitening},
  url = {http://link.springer.com/chapter/10.1007/978-3-642-33709-3_55},
  year = {2012}
}

@incollection{jegou_hamming_2008,
  abstract = {This paper improves recent methods for large},
  author = {Jégou, Hervé and Douze, Matthijs and Schmid, Cordelia},
  booktitle = {European Conference on Computer Vision},
  date = {2008},
  file = {Snapshot:/home/joncrall/.zotero/zotero/q70dyzwb.default/zotero/storage/HAHCCNAJ/978-3-540-88682-2_24.html:text/html},
  keywords = {hamming embedding, landmark-paper, {WGC}},
  langid = {english},
  number = {5302},
  pages = {304--317},
  rights = {©2008 Springer Berlin Heidelberg},
  title = {Hamming Embedding and Weak Geometric Consistency for Large Scale Image Search},
  url = {http://link.springer.com/chapter/10.1007/978-3-540-88682-2_24},
  year = {2008}
}

@article{jegou_improving_2010,
  abstract = {{HE} 2},
  author = {Jégou, Hervé and Douze, Matthijs and Schmid, Cordelia},
  date = {2010},
  doi = {10.1007/s11263-009-0285-2},
  issn = {0920-5691, 1573-1405},
  journal = {International Journal of Computer Vision},
  keywords = {hamming embedding, noteable-paper, {WGC}},
  langid = {english},
  number = {3},
  pages = {316--336},
  shortjournal = {Int J Comput Vis},
  title = {Improving Bag-of-Features for Large Scale Image Search},
  url = {http://link.springer.com/article/10.1007/s11263-009-0285-2},
  volume = {87},
  year = {2010}
}

@article{jegou_aggregating_2012,
  author = {Jégou, Hervé and Perronnin, Florent and Douze, Matthijs and Schmid, Cordelia},
  date = {2012},
  journal = {Transactions on Pattern Analysis and Machine Intelligence},
  keywords = {{VLAD}},
  number = {9},
  pages = {1704--1716},
  title = {Aggregating local image descriptors into compact codes},
  url = {http://ieeexplore.ieee.org/xpls/abs_all.jsp?arnumber=6104058},
  volume = {34},
  year = {2012}
}

@inproceedings{jegou_triangulation_2014,
  abstract = {We consider the design of a single},
  author = {Jégou, Hervé and Zisserman, Andrew},
  date = {2014-04},
  eventtitle = {{CVPR} - International Conference on Computer Vision and Pattern Recognition},
  file = {Snapshot:/home/joncrall/.zotero/zotero/q70dyzwb.default/zotero/storage/E4MW9XSR/hal-00977321.html:text/html},
  keywords = {{SMK}, {VLAD}},
  title = {Triangulation embedding and democratic aggregation for image search},
  url = {http://hal.inria.fr/hal-00977321},
  year = {2014}
}

@inproceedings{karanam_person_2015,
  abstract = {Person re-identification},
  author = {Karanam, Srikrishna and Li, Yang and Radke, Richard J.},
  booktitle = {International Conference on Computer Vision},
  date = {2015},
  keywords = {person re-id},
  pages = {4516--4524},
  title = {Person re-identification with discriminatively trained viewpoint invariant dictionaries},
  url = {http://www.cv-foundation.org/openaccess/content_iccv_2015/html/Karanam_Person_Re-Identification_With_ICCV_2015_paper.html},
  year = {2015}
}

@inproceedings{ke_pca_sift_2004,
  abstract = {Stable local feature detection and representation is},
  author = {Ke, Yan and Sukthankar, R.},
  booktitle = {Computer Vision and Pattern Recognition},
  date = {2004-06},
  doi = {10.1109/CVPR.2004.1315206},
  eventtitle = {Proceedings of the 2004 {IEEE} Computer Society Conference on Computer Vision and Pattern Recognition, 2004. {CVPR} 2004},
  file = {IEEE Xplore Abstract Record:/home/joncrall/.zotero/zotero/q70dyzwb.default/zotero/storage/E7BDHJWH/login.html:text/html},
  pages = {II--506--II--513 Vol.2},
  title = {{PCA}-{SIFT}: a more distinctive representation for local image descriptors},
  volume = {2},
  year = {2004}
}

@article{kenneth._h._pollock_statistical_1990,
  author = {Kenneth. H. Pollock, James D. Nichols},
  date = {1990},
  doi = {10.2307/2532321},
  file = {Statistical Inference for Capture-Recapture Experiments (PDF Download Available):/home/joncrall/.zotero/zotero/q70dyzwb.default/zotero/storage/T2CWVMJJ/236982031_Statistical_Inference_for_Capture-Recapture_Experiments.html:text/html},
  issn = {0084-0173},
  journal = {Wildlife Monographs},
  number = {2},
  pages = {3--97},
  title = {Statistical Inference for Capture-Recapture Experiments},
  volume = {107},
  year = {1990}
}

@article{khuller_approximation_1993,
  author = {Khuller, Samir and Thurimella, Ramakrishna},
  date = {1993-03},
  file = {1-s2.0-S0196677483710102-main.pdf:/home/joncrall/.zotero/zotero/q70dyzwb.default/zotero/storage/KSTSD8GS/1-s2.0-S0196677483710102-main.pdf:application/pdf},
  journal = {Journal of Algorithms},
  number = {2},
  pages = {214--225},
  title = {Approximation Algorithms for Graph Augmentation},
  volume = {14},
  year = {1993}
}

@book{krebs_ecological_1999,
  author = {Krebs, Charles},
  date = {1999},
  title = {Ecological Methodology},
  volume = {620},
  year = {1999}
}

@inproceedings{krizhevsky_imagenet_2012,
  author = {Krizhevsky, Alex and Sutskever, Ilya and Hinton, Geoff},
  booktitle = {Advances in Neural Information Processing Systems},
  date = {2012},
  keywords = {category recognition, {CNN}, image-net, landmark-paper},
  pages = {1106--1114},
  title = {Imagenet classification with deep convolutional neural networks},
  url = {http://books.nips.cc/papers/files/nips25/NIPS2012_0534.pdf},
  year = {2012}
}

@article{kulis_kernelized_2012,
  author = {Kulis, B. and Grauman, K.},
  date = {2012-06},
  doi = {10.1109/TPAMI.2011.219},
  file = {IEEE Xplore Abstract Record:/home/joncrall/.zotero/zotero/q70dyzwb.default/zotero/storage/CN4XD34G/login.html:text/html},
  issn = {0162-8828},
  journal = {Transactions on Pattern Analysis and Machine Intelligence},
  number = {6},
  pages = {1092--1104},
  title = {Kernelized Locality-Sensitive Hashing},
  volume = {34},
  year = {2012}
}

@article{kulis_fast_2009,
  abstract = {We introduce a method that enables scalable},
  author = {Kulis, B. and Jain, P. and Grauman, K.},
  date = {2009-12},
  doi = {10.1109/TPAMI.2009.151},
  file = {IEEE Xplore Abstract Record:/home/joncrall/.zotero/zotero/q70dyzwb.default/zotero/storage/M4T7NJ6D/abs_all.html:text/html},
  issn = {0162-8828},
  journal = {Transactions on Pattern Analysis and Machine Intelligence},
  number = {12},
  pages = {2143--2157},
  title = {Fast Similarity Search for Learned Metrics},
  volume = {31},
  year = {2009}
}

@book{lanczos_applied_1988,
  abstract = {Basic text for graduate and advanced undergraduate},
  author = {Lanczos, Cornelius},
  date = {1988},
  langid = {english},
  pagetotal = {576},
  title = {Applied Analysis},
  year = {1988}
}

@article{lawrence_face_1997,
  abstract = {We present a hybrid neural-network for human},
  author = {Lawrence, S. and Giles, C.L. and Tsoi, Ah Chung and Back, A.D.},
  date = {1997-01},
  doi = {10.1109/72.554195},
  file = {IEEE Xplore Abstract Record:/home/joncrall/.zotero/zotero/q70dyzwb.default/zotero/storage/PEXCQFQS/abs_all.html:text/html},
  issn = {1045-9227},
  journal = {Transactions on Neural Networks},
  number = {1},
  pages = {98--113},
  title = {Face recognition: a convolutional neural-network approach},
  volume = {8},
  year = {1997}
}

@inproceedings{lazebnik_beyond_2006,
  abstract = {spatial pyramid},
  author = {Lazebnik, S. and Schmid, C. and Ponce, J.},
  booktitle = {Computer Vision and Pattern Recognition},
  date = {2006},
  doi = {10.1109/CVPR.2006.68},
  eventtitle = {{CVPR}},
  keywords = {category recognition, landmark-paper},
  pages = {2169--2178},
  title = {Beyond Bags of Features: Spatial Pyramid Matching for Recognizing Natural Scene Categories},
  url = {http://ieeexplore.ieee.org/lpdocs/epic03/wrapper.htm?arnumber=1641019},
  volume = {2},
  year = {2006}
}

@article{lecun_gradient_based_1998,
  author = {Lecun, Y. and Bottou, L. and Bengio, Y. and Haffner, P.},
  date = {1998-11},
  doi = {10.1109/5.726791},
  file = {IEEE Xplore Abstract Record:/home/joncrall/.zotero/zotero/q70dyzwb.default/zotero/storage/97GXEXWD/abs_all.html:text/html;IEEE Xplore Abstract Record:/home/joncrall/.zotero/zotero/q70dyzwb.default/zotero/storage/S898SF7S/abs_all.html:text/html},
  issn = {0018-9219},
  journal = {Proceedings of the IEEE},
  keywords = {{CNN}, landmark-paper},
  number = {11},
  pages = {2278--2324},
  title = {Gradient-based learning applied to document recognition},
  volume = {86},
  year = {1998}
}

@inproceedings{leutenegger_brisk_2011,
  abstract = {Effective and efficient generation of keypoints from},
  author = {Leutenegger, S. and Chli, M. and Siegwart, R.Y.},
  booktitle = {International Conference on Computer Vision},
  date = {2011-11},
  doi = {10.1109/ICCV.2011.6126542},
  eventtitle = {2011 {IEEE} International Conference on Computer Vision ({ICCV})},
  file = {IEEE Xplore Abstract Record:/home/joncrall/.zotero/zotero/q70dyzwb.default/zotero/storage/QF33TBEP/abs_all.html:text/html},
  keywords = {descriptor},
  pages = {2548--2555},
  title = {{BRISK}: Binary Robust invariant scalable keypoints},
  year = {2011}
}

@online{levenson_flukebook_2015,
  author = {Levenson, J and Gero, S. and Van Oast, J. and Holmberg, J.},
  date = {2015},
  title = {Flukebook: a cloud-based photo-identification analysis tools for marine mammal research},
  titleaddon = {http://www.flukebook.org},
  year = {2015}
}

@inproceedings{levy_svm_minus_2013,
  author = {Levy, Lior Wolf Noga},
  date = {2013},
  eventtitle = {Computer Vision and Pattern Recognition},
  title = {The {SVM}-minus Similarity Score for Video Face Recognition},
  url = {http://www.cs.tau.ac.il/~wolf/papers/svm-minus.pdf},
  year = {2013}
}

@book{lindeberg_scale_space_1993,
  abstract = {The problem of scale pervades both the},
  author = {Lindeberg, Tony},
  date = {1993-12-31},
  keywords = {scale space},
  langid = {english},
  pagetotal = {449},
  title = {Scale-Space Theory in Computer Vision},
  year = {1993}
}

@article{lindeberg_feature_1998,
  author = {Lindeberg, Tony},
  date = {1998},
  journal = {International Journal of Computer Vision},
  number = {2},
  pages = {79--116},
  title = {Feature detection with automatic scale selection},
  url = {http://link.springer.com/article/10.1023/A:1008045108935},
  volume = {30},
  year = {1998}
}

@incollection{lindeberg_shape_adapted_1994,
  abstract = {Hessian-Affine},
  author = {Lindeberg, Tony and Gaarding, Jonas},
  booktitle = {European Conference on Computer Vision},
  date = {1994},
  pages = {389--400},
  title = {Shape-adapted smoothing in estimation of 3-d depth cues from affine distortions of local 2-d brightness structure},
  url = {http://link.springer.com/chapter/10.1007/3-540-57956-7_42},
  year = {1994}
}

@article{lindeberg_shape_adapted_1997,
  author = {Lindeberg, Tony and Gaarding, Jonas},
  date = {1997},
  journal = {Image and Vision Computing},
  number = {6},
  pages = {415--434},
  shortjournal = {Image and vision computing},
  title = {Shape-adapted smoothing in estimation of 3-D shape cues from affine distortions of local 2-D brightness structure},
  volume = {15},
  year = {1997}
}

@incollection{liu_sift_2008,
  abstract = {While image registration has been studied in},
  author = {Liu, Ce and Yuen, Jenny and Torralba, Antonio and Sivic, Josef and Freeman, William T.},
  booktitle = {European Conference on Computer Vision},
  date = {2008-01-01},
  keywords = {optical flow},
  number = {5304},
  pages = {28--42},
  rights = {©2008 Springer Berlin Heidelberg},
  title = {{SIFT} Flow: Dense Correspondence across Different Scenes},
  url = {http://link.springer.com/chapter/10.1007/978-3-540-88690-7_3},
  year = {2008}
}

@article{liu_gabor_2002,
  abstract = {This paper introduces a novel Gabor-Fisher (1936)},
  author = {Liu, Chengjun and Wechsler, H.},
  date = {2002-04},
  doi = {10.1109/TIP.2002.999679},
  file = {IEEE Xplore Abstract Record:/home/joncrall/.zotero/zotero/q70dyzwb.default/zotero/storage/MXJHAAKJ/abs_all.html:text/html},
  issn = {1057-7149},
  journal = {Transactions on Image Processing},
  number = {4},
  pages = {467--476},
  title = {Gabor feature based classification using the enhanced fisher linear discriminant model for face recognition},
  volume = {11},
  year = {2002}
}

@article{liu_robust_2000,
  abstract = {face indexing},
  author = {Liu, Chengjun and Wechsler, Harry},
  date = {2000},
  journal = {Transactions on Image Processing},
  number = {1},
  pages = {132--137},
  title = {Robust coding schemes for indexing and retrieval from large face databases},
  url = {http://citeseerx.ist.psu.edu/viewdoc/download?doi=10.1.1.1.9996&rep=rep1&type=pdf},
  volume = {9},
  year = {2000}
}

@inproceedings{liu_defense_2011,
  abstract = {soft-assign},
  author = {Liu, Lingqiao and Wang, Lei and Liu, Xinwang},
  booktitle = {International Conference on Computer Vision},
  date = {2011},
  keywords = {bag-of-words, category recognition, noteable-paper},
  pages = {2486--2493},
  title = {In defense of soft-assignment coding},
  url = {http://ieeexplore.ieee.org/xpls/abs_all.jsp?arnumber=6126534},
  year = {2011}
}

@inproceedings{liu_learning_2015,
  author = {Liu, Shicong and Hongtao, Lu},
  date = {2015},
  title = {Learning Better Encoding for Approximate Nearest Neighbor Search with Dictionary Annealing},
  year = {2015}
}

@article{lloyd_least_1982,
  abstract = {kmeans orig},
  author = {Lloyd, S.},
  date = {1982-03},
  doi = {10.1109/TIT.1982.1056489},
  file = {IEEE Xplore Abstract Record:/home/joncrall/.zotero/zotero/q70dyzwb.default/zotero/storage/PQ9IT8HA/abs_all.html:text/html},
  issn = {0018-9448},
  journal = {Transactions on Information Theory},
  number = {2},
  pages = {129--137},
  title = {Least squares quantization in {PCM}},
  volume = {28},
  year = {1982}
}

@incollection{long_convnets_2014,
  author = {Long, Jonathan L and Zhang, Ning and Darrell, Trevor},
  booktitle = {Advances in Neural Information Processing Systems},
  date = {2014},
  file = {NIPS Snapshort:/home/joncrall/.zotero/zotero/q70dyzwb.default/zotero/storage/5ZE686A8/5420-do-convnets-learn-correspondence.html:text/html},
  pages = {1601--1609},
  title = {Do Convnets Learn Correspondence?},
  url = {http://papers.nips.cc/paper/5420-do-convnets-learn-correspondence.pdf},
  year = {2014}
}

@phdthesis{louppe2014understanding,
  author = {Louppe, Gilles},
  school = {University of Liege, Belgium},
  title = {Understanding Random Forests: From Theory to Practice},
  year = {2014}
}

@article{lowe_object_1999,
  author = {Lowe, David G.},
  date = {1999},
  file = {Snapshot:/home/joncrall/.zotero/zotero/q70dyzwb.default/zotero/storage/UGDZP79R/abs_all.html:text/html},
  journal = {International Conference on Computer Vision},
  pages = {1150--1157},
  title = {Object recognition from local scale-invariant features},
  url = {http://ieeexplore.ieee.org/xpls/abs_all.jsp?arnumber=790410},
  year = {1999}
}

@article{lowe_distinctive_2004,
  abstract = {{DoG}, {SIFT}},
  author = {Lowe, David G.},
  date = {2004},
  journal = {International Journal of Computer Vision},
  keywords = {descriptor, feature detector, landmark-paper},
  number = {2},
  pages = {91--110},
  title = {Distinctive image features from scale-invariant keypoints},
  url = {http://link.springer.com/article/10.1023/B:VISI.0000029664.99615.94},
  volume = {60},
  year = {2004}
}

@article{lu_face_2003,
  abstract = {Low-dimensional feature representation with enhanced discriminatory power},
  author = {Lu, J. and Plataniotis, K.N. and Venetsanopoulos, A.N.},
  date = {2003-01},
  doi = {10.1109/TNN.2002.806647},
  file = {IEEE Xplore Abstract Record:/home/joncrall/.zotero/zotero/q70dyzwb.default/zotero/storage/R7FRMJF7/abs_all.html:text/html},
  issn = {1045-9227},
  journal = {Transactions on Neural Networks},
  number = {1},
  pages = {195--200},
  title = {Face recognition using {LDA}-based algorithms},
  volume = {14},
  year = {2003}
}

@incollection{ma_local_2012,
  abstract = {This paper proposes a new descriptor for},
  author = {Ma, Bingpeng and Su, Yu and Jurie, Frédéric},
  booktitle = {European Conference on Computer Vision},
  date = {2012},
  file = {Snapshot:/home/joncrall/.zotero/zotero/q70dyzwb.default/zotero/storage/H9AS5K33/978-3-642-33863-2_41.html:text/html},
  keywords = {person re-id},
  langid = {english},
  number = {7583},
  pages = {413--422},
  rights = {©2012 Springer-Verlag Berlin Heidelberg},
  title = {Local Descriptors Encoded by Fisher Vectors for Person Re-identification},
  url = {http://link.springer.com/chapter/10.1007/978-3-642-33863-2_41},
  year = {2012}
}

@inproceedings{maas_rectifier_2013,
  abstract = {{RLU}},
  author = {Maas, Andrew L. and Hannun, Awni Y. and Ng, Andrew Y.},
  booktitle = {International Conference on Machine Learning},
  date = {2013},
  title = {Rectifier nonlinearities improve neural network acoustic models},
  url = {http://ai.stanford.edu/~amaas/papers/relu_hybrid_icml2013_final.pdf},
  volume = {30},
  year = {2013}
}

@article{mahendran_understanding_2014,
  author = {Mahendran, Aravindh and Vedaldi, Andrea},
  date = {2014-11-26},
  file = {arXiv.org Snapshot:/home/joncrall/.zotero/zotero/q70dyzwb.default/zotero/storage/7HINS334/1412.html:text/html},
  journal = {arXiv},
  title = {Understanding deep image representations by inverting them},
  url = {http://arxiv.org/abs/1412.0035},
  year = {2014}
}

@inproceedings{maji_classification_2008,
  abstract = {Straightforward classification using kernelized {SVMs} requires evaluating},
  author = {Maji, S. and Berg, A.C. and Malik, J.},
  booktitle = {Computer Vision and Pattern Recognition},
  date = {2008},
  doi = {10.1109/CVPR.2008.4587630},
  eventtitle = {{IEEE} Conference on Computer Vision and Pattern Recognition, 2008. {CVPR} 2008},
  pages = {1--8},
  title = {Classification using intersection kernel support vector machines is efficient},
  year = {2008}
}

@inproceedings{marszalek_learning_2007,
  abstract = {This talk discussed our object-class recognition method},
  author = {Marszałek, Marcin and Schmid, Cordelia and Harzallah, Hedi and Weijer, Joost Van de},
  date = {2007-10-15},
  eventtitle = {Visual Recognition Challange workshop, in conjunction with {ICCV}},
  file = {Snapshot:/home/joncrall/.zotero/zotero/q70dyzwb.default/zotero/storage/GC4SS2PM/inria-00548669.html:text/html},
  langid = {english},
  title = {Learning Object Representations for Visual Object Class Recognition},
  url = {https://hal.inria.fr/inria-00548669/document},
  year = {2007}
}

@article{matas_robust_2004,
  abstract = {matas\_robust\_2004},
  author = {Matas, Jiří and Chum, Ondřej and Urban, Martin and Pajdla, Tomás},
  date = {2004},
  journal = {Image and Vision Computing},
  number = {10},
  pages = {761--767},
  title = {Robust wide-baseline stereo from maximally stable extremal regions},
  url = {http://www.sciencedirect.com/science/article/pii/S0262885604000435},
  volume = {22},
  year = {2004}
}

@book{michael_guide_1979,
  author = {Michael, Garey and Johnson, David S.},
  date = {1979},
  title = {A Guide to the Theory of {NP}-Completeness},
  url = {http://www.di.unipi.it/~luccio/GJCap1.PDF},
  year = {1979}
}

@inproceedings{mikolajczyk_indexing_2001,
  abstract = {Harris-Laplace},
  author = {Mikolajczyk, K. and Schmid, C.},
  booktitle = {International Conference on Computer Vision},
  date = {2001},
  doi = {10.1109/ICCV.2001.937561},
  eventtitle = {Eighth {IEEE} International Conference on Computer Vision, 2001. {ICCV} 2001. Proceedings},
  file = {IEEE Xplore Abstract Record:/home/joncrall/.zotero/zotero/q70dyzwb.default/zotero/storage/JRTNA26Q/abs_all.html:text/html},
  pages = {525--531 vol.1},
  title = {Indexing based on scale invariant interest points},
  volume = {1},
  year = {2001}
}

@article{mikolajczyk_comparison_2005,
  author = {Mikolajczyk, K. and Tuytelaars, T. and Schmid, C. and Zisserman, A. and Matas, J. and Schaffalitzky, F. and Kadir, T. and Gool, L. Van},
  date = {2005-10-14},
  doi = {10.1007/s11263-005-3848-x},
  issn = {0920-5691, 1573-1405},
  journal = {International Journal of Computer Vision},
  keywords = {feature detector, landmark-paper},
  number = {1},
  pages = {43--72},
  title = {A Comparison of Affine Region Detectors},
  url = {http://link.springer.com/10.1007/s11263-005-3848-x},
  volume = {65},
  year = {2005}
}

@article{mikolajczyk_performance_2005,
  author = {Mikolajczyk, Krystian and Schmid, Cordelia},
  date = {2005},
  journal = {Transactions on Pattern Analysis and Machine Intelligence},
  keywords = {feature detector, landmark-paper},
  number = {10},
  pages = {1615--1630},
  title = {A performance evaluation of local descriptors},
  url = {http://ieeexplore.ieee.org/xpls/abs_all.jsp?arnumber=1498756},
  volume = {27},
  year = {2005}
}

@incollection{mikulik_learning_2010,
  abstract = {mikulik\_learning\_2010},
  author = {Mikulík, Andrej and Perdoch, Michal and Chum, Ondřej and Matas, Jiří},
  booktitle = {European Conference on Computer Vision},
  date = {2010},
  pages = {1--14},
  title = {Learning a fine vocabulary},
  url = {http://link.springer.com/chapter/10.1007/978-3-642-15558-1_1},
  year = {2010}
}

@inproceedings{mori_recovering_2004,
  abstract = {superpixels},
  author = {Mori, Greg and Ren, Xiaofeng and Efros, Alexei and Malik, Jitendra and {others}},
  booktitle = {Computer Vision and Pattern Recognition},
  date = {2004},
  pages = {II--326},
  title = {Recovering human body configurations: Combining segmentation and recognition},
  url = {http://ieeexplore.ieee.org/xpls/abs_all.jsp?arnumber=1315182},
  volume = {2},
  year = {2004}
}

@inproceedings{muja_fast_2009,
  abstract = {flann},
  author = {Muja, Marius and Lowe, David G.},
  booktitle = {International Conference on Computer Vision Theory and Applications},
  date = {2009},
  keywords = {kd-trees, landmark-paper},
  pages = {331--340},
  title = {Fast Approximate Nearest Neighbors with Automatic Algorithm Configuration.},
  url = {http://image.ntua.gr/iva/files/MujaLowe_ICCVTA2009%20-%20Fast%20Approximate%20Nearest%20Neighbors%20with%20Automatic%20Algorithm%20Configuration.pdf},
  year = {2009}
}

@article{murray_generalized_2014,
  author = {Murray, Naila and Perronnin, Florent},
  date = {2014},
  journal = {arXiv},
  title = {Generalized max pooling},
  url = {http://arxiv.org/abs/1406.0312},
  year = {2014}
}

@article{nelder_simplex_1965,
  abstract = {downhill simplex method},
  author = {Nelder, J. A. and Mead, R.},
  date = {1965-01-01},
  doi = {10.1093/comjnl/7.4.308},
  file = {Snapshot:/home/joncrall/.zotero/zotero/q70dyzwb.default/zotero/storage/J6N63ABG/308.html:text/html},
  issn = {0010-4620, 1460-2067},
  journal = {The Computer Journal},
  langid = {english},
  number = {4},
  pages = {308--313},
  shortjournal = {The Computer Journal},
  title = {A Simplex Method for Function Minimization},
  url = {http://comjnl.oxfordjournals.org/content/7/4/308},
  volume = {7},
  year = {1965}
}

@article{ng_exploiting_2015,
  abstract = {Deep convolutional neural networks have been successfully},
  author = {Ng, Joe Yue-Hei and Yang, Fan and Davis, Larry S.},
  date = {2015-04-20},
  eprint = {1504.05133},
  eprinttype = {arxiv},
  file = {arXiv.org Snapshot:/home/joncrall/.zotero/zotero/q70dyzwb.default/zotero/storage/GMP3HAH9/1504.html:text/html},
  journal = {arXiv},
  keywords = {{CNN}, {VLAD}},
  title = {Exploiting Local Features from Deep Networks for Image Retrieval},
  url = {http://arxiv.org/abs/1504.05133},
  year = {2015}
}

@inproceedings{nister_scalable_2006,
  author = {Nister, David and Stewenius, Henrik},
  booktitle = {Computer Vision and Pattern Recognition},
  date = {2006},
  keywords = {instance recognition, landmark-paper},
  pages = {2161--2168},
  title = {Scalable recognition with a vocabulary tree},
  url = {http://ieeexplore.ieee.org/xpls/abs_all.jsp?arnumber=1641018},
  volume = {2},
  year = {2006}
}

@article{ojala_comparative_1996,
  abstract = {Local binary patterns; {LPB} orig paper;},
  author = {Ojala, Timo and Pietikäinen, Matti and Harwood, David},
  date = {1996-01},
  doi = {10.1016/0031-3203(95)00067-4},
  file = {ScienceDirect Snapshot:/home/joncrall/.zotero/zotero/q70dyzwb.default/zotero/storage/E3ZKDFSG/0031320395000674.html:text/html},
  issn = {0031-3203},
  journal = {Pattern Recognition},
  number = {1},
  pages = {51--59},
  shortjournal = {Pattern Recognition},
  title = {A comparative study of texture measures with classification based on featured distributions},
  url = {http://www.sciencedirect.com/science/article/pii/0031320395000674},
  volume = {29},
  year = {1996}
}

@article{oliva_modeling_2001,
  abstract = {gist orig},
  author = {Oliva, Aude and Torralba, Antonio},
  date = {2001-05},
  doi = {10.1023/A:1011139631724},
  file = {Snapshot:/home/joncrall/.zotero/zotero/q70dyzwb.default/zotero/storage/59BP8RPR/A1011139631724.html:text/html},
  issn = {0920-5691, 1573-1405},
  journal = {International Journal of Computer Vision},
  langid = {english},
  number = {3},
  pages = {145--175},
  shortjournal = {International Journal of Computer Vision},
  title = {Modeling the Shape of the Scene: A Holistic Representation of the Spatial Envelope},
  url = {http://link.springer.com/article/10.1023/A%3A1011139631724},
  volume = {42},
  year = {2001}
}

@inproceedings{oquab_learning_2014,
  abstract = {Convolutional neural networks ({CNN}) have recently shown},
  author = {Oquab, Maxime and Bottou, Léon and Laptev, Ivan and Sivic, Josef},
  date = {2014-06},
  eventtitle = {{IEEE} Conference on Computer Vision and Pattern Recognition},
  title = {Learning and Transferring Mid-Level Image Representations using Convolutional Neural Networks},
  url = {http://hal.inria.fr/hal-00911179},
  year = {2014}
}

@article{osendorfer_convolutional_2013,
  author = {Osendorfer, Christian and Bayer, Justin},
  date = {2013},
  file = {Convolutional Neural Networks learn compact local image descriptors - ResearchGate:/home/joncrall/.zotero/zotero/q70dyzwb.default/zotero/storage/ANR4TCFW/236578491_Convolutional_Neural_Networks_learn_compact_local_image_descriptors.html:text/html},
  title = {Convolutional Neural Networks learn compact local image descriptors},
  year = {2013}
}

@inproceedings{parham_detecting_2016,
  abstract = {Photographic censusing can be partly automated by},
  author = {Parham, J. and Stewart, C.},
  booktitle = {Winter Applications of Computer Vision Workshops},
  date = {2016-03},
  doi = {10.1109/WACVW.2016.7470122},
  eventtitle = {2016 {IEEE} Winter Applications of Computer Vision Workshops ({WACVW})},
  keywords = {animals, detectors, yolo},
  pages = {1--9},
  title = {Detecting Plains and Grevy's Zebras in th Real World},
  year = {2016}
}

@inproceedings{parkhi_cats_2012,
  author = {Parkhi, O.M. and Vedaldi, A. and Zisserman, A. and Jawahar, C.V.},
  booktitle = {Computer Vision and Pattern Recognition},
  date = {2012},
  doi = {10.1109/CVPR.2012.6248092},
  eventtitle = {{CVPR}},
  keywords = {fine-grained},
  pages = {3498--3505},
  title = {Cats and dogs},
  year = {2012}
}

@article{pedregosa_scikit_learn_2011,
  author = {Pedregosa, Fabian and Varoquaux, Gaël and Gramfort, Alexandre and Michel, Vincent and Thirion, Bertrand and Grisel, Olivier and Blondel, Mathieu and Prettenhofer, Peter and Weiss, Ron and Dubourg, Vincent and {others}},
  date = {2011},
  issue = {Oct},
  journal = {Journal of Machine Learning Research},
  pages = {2825--2830},
  title = {Scikit-learn: Machine learning in Python},
  url = {http://www.jmlr.org/papers/v12/pedregosa11a.html},
  volume = {12},
  year = {2011}
}

@inproceedings{perdoch_efficient_2009,
  abstract = {perdoch\_efficient\_2009},
  author = {Perdoch, Michal and Chum, Ondřej and Matas, Jiří},
  booktitle = {Computer Vision and Pattern Recognition},
  date = {2009},
  keywords = {feature detector, noteable-paper},
  pages = {9--16},
  title = {Efficient representation of local geometry for large scale object retrieval},
  url = {http://ieeexplore.ieee.org/xpls/abs_all.jsp?arnumber=5206529},
  year = {2009}
}

@inproceedings{perronnin_fisher_2007,
  author = {Perronnin, F. and Dance, C.},
  booktitle = {Computer Vision and Pattern Recognition},
  date = {2007-06},
  doi = {10.1109/CVPR.2007.383266},
  eventtitle = {{IEEE} Conference on Computer Vision and Pattern Recognition, 2007. {CVPR} '07},
  file = {IEEE Xplore Abstract Record:/home/joncrall/.zotero/zotero/q70dyzwb.default/zotero/storage/KTBUNFW6/abs_all.html:text/html},
  pages = {1--8},
  title = {Fisher Kernels on Visual Vocabularies for Image Categorization},
  year = {2007}
}

@inproceedings{perronnin_large_scale_2010_1,
  author = {Perronnin, Florent and Liu, Yan and Sánchez, Jorge and Poirier, Hervé},
  booktitle = {Computer Vision and Pattern Recognition},
  date = {2010},
  keywords = {fisher vector, instance recognition},
  pages = {3384--3391},
  title = {Large-scale image retrieval with compressed fisher vectors},
  url = {http://ieeexplore.ieee.org/xpls/abs_all.jsp?arnumber=5540009},
  year = {2010}
}

@inproceedings{perronnin_large_scale_2010,
  abstract = {nonlinear-svm},
  author = {Perronnin, Florent and Sánchez, Jorge and Liu, Yan},
  booktitle = {Computer Vision and Pattern Recognition},
  date = {2010},
  keywords = {noteable-paper},
  pages = {2297--2304},
  title = {Large-scale image categorization with explicit data embedding},
  url = {http://ieeexplore.ieee.org/xpls/abs_all.jsp?arnumber=5539914},
  year = {2010}
}

@incollection{perronnin_improving_2010,
  abstract = {makes {FV} sota},
  author = {Perronnin, Florent and Sánchez, Jorge and Mensink, Thomas},
  booktitle = {European Conference on Computer Vision},
  date = {2010},
  pages = {143--156},
  title = {Improving the fisher kernel for large-scale image classification},
  url = {http://link.springer.com/chapter/10.1007/978-3-642-15561-1_11},
  year = {2010}
}

@inproceedings{philbin_object_2007,
  abstract = {philbin\_object\_2007},
  author = {Philbin, James and Chum, Ondřej and Isard, Michael and Sivic, Josef and Zisserman, Andrew},
  booktitle = {Computer Vision and Pattern Recognition},
  date = {2007},
  keywords = {bag-of-words, instance recognition, landmark-paper, location recognition},
  pages = {1--8},
  title = {Object retrieval with large vocabularies and fast spatial matching},
  url = {http://ieeexplore.ieee.org/xpls/abs_all.jsp?arnumber=4270197},
  year = {2007}
}

@inproceedings{philbin_lost_2008,
  abstract = {philbin\_lost\_2008},
  author = {Philbin, James and Chum, Ondřej and Isard, Michael and Sivic, Josef and Zisserman, Andrew},
  booktitle = {Computer Vision and Pattern Recognition},
  date = {2008},
  keywords = {bag-of-words, instance recognition},
  pages = {1--8},
  title = {Lost in quantization: Improving particular object retrieval in large scale image databases},
  url = {http://ieeexplore.ieee.org/xpls/abs_all.jsp?arnumber=4587635},
  year = {2008}
}

@article{philbin_descriptor_2010,
  author = {Philbin, James and Isard, Michael and Sivic, Josef and Zisserman, Andrew},
  date = {2010},
  journal = {European Conference on Computer Vision},
  pages = {677--691},
  title = {Descriptor learning for efficient retrieval},
  url = {http://www.springerlink.com/index/0j3135v888542330.pdf},
  year = {2010}
}

@article{phillips_support_1998,
  author = {Phillips, P. Jonathon and {others}},
  date = {1998},
  title = {Support vector machines applied to face recognition},
  url = {http://citeseerx.ist.psu.edu/viewdoc/download?doi=10.1.1.25.2690&rep=rep1&type=pdf},
  volume = {285},
  year = {1998}
}

@article{pizer_adaptive_1987,
  abstract = {clache},
  author = {Pizer, Stephen M. and Amburn, E. Philip and Austin, John D. and Cromartie, Robert and Geselowitz, Ari and Greer, Trey and ter Haar Romeny, Bart and Zimmerman, John B. and Zuiderveld, Karel},
  date = {1987-09},
  doi = {10.1016/S0734-189X(87)80186-X},
  file = {ScienceDirect Snapshot:/home/joncrall/.zotero/zotero/q70dyzwb.default/zotero/storage/JSWMT8ET/S0734189X8780186X.html:text/html},
  issn = {0734-189X},
  journal = {Graphical Models and Image Processing},
  number = {3},
  pages = {355--368},
  shortjournal = {Computer Vision, Graphics, and Image Processing},
  title = {Adaptive histogram equalization and its variations},
  url = {http://www.sciencedirect.com/science/article/pii/S0734189X8780186X},
  volume = {39},
  year = {1987}
}

@article{powers_evaluation_2011,
  author = {Powers, David Martin},
  date = {2011},
  keywords = {landmark-paper},
  title = {Evaluation: from precision, recall and F-measure to {ROC}, informedness, markedness and correlation},
  url = {http://dspace2.flinders.edu.au/xmlui/handle/2328/27165},
  year = {2011}
}

@inproceedings{qin_hello_2011,
  abstract = {This paper introduces a simple yet effective},
  author = {Qin, Danfeng and Gammeter, S. and Bossard, L. and Quack, T. and Van Gool, L.},
  booktitle = {Computer Vision and Pattern Recognition},
  date = {2011-06},
  doi = {10.1109/CVPR.2011.5995373},
  eventtitle = {Computer Vision and Pattern Recognition ({CVPR})},
  file = {IEEE Xplore Abstract Record:/home/joncrall/.zotero/zotero/q70dyzwb.default/zotero/storage/HU5D6DQJ/abs_all.html:text/html},
  pages = {777--784},
  title = {Hello neighbor: Accurate object retrieval with k-reciprocal nearest neighbors},
  year = {2011}
}

@inproceedings{radenovic_cnn_2016,
  author = {Radenović, Filip and Tolias, Giorgos and Chum, Ondřej},
  booktitle = {European Conference on Computer Vision},
  date = {2016-10-08},
  eventtitle = {European Conference on Computer Vision},
  file = {Snapshot:/home/joncrall/.zotero/zotero/q70dyzwb.default/zotero/storage/8Q2ESTVA/978-3-319-46448-0_1.html:text/html},
  keywords = {bag-of-words, {CNN}, location recognition},
  langid = {english},
  pages = {3--20},
  rights = {©2016 Springer International Publishing {AG}},
  title = {{CNN} Image Retrieval Learns from {BoW}: Unsupervised Fine-Tuning with Hard Examples},
  url = {http://link.springer.com/chapter/10.1007/978-3-319-46448-0_1},
  year = {2016}
}

@article{raguram_usac_2013,
  abstract = {A computational problem that arises frequently in},
  author = {Raguram, R. and Chum, Ondřej and Pollefeys, M. and Matas, Jiří and Frahm, J.},
  date = {2013-08},
  doi = {10.1109/TPAMI.2012.257},
  file = {IEEE Xplore Abstract Record:/home/joncrall/.zotero/zotero/q70dyzwb.default/zotero/storage/35KVUJKK/articleDetails.html:text/html},
  issn = {0162-8828},
  journal = {Transactions on Pattern Analysis and Machine Intelligence},
  number = {8},
  pages = {2022--2038},
  title = {{USAC}: A Universal Framework for Random Sample Consensus},
  volume = {35},
  year = {2013}
}

@article{razavian_cnn_2014,
  abstract = {off-the-shelf astounding baseline},
  author = {Razavian, Ali Sharif and Azizpour, Hossein and Sullivan, Josephine and Carlsson, Stefan},
  date = {2014-03-23},
  eprint = {1403.6382},
  eprinttype = {arxiv},
  journal = {arXiv},
  keywords = {{CNN}, instance recognition, landmark-paper},
  title = {{CNN} Features off-the-shelf: an Astounding Baseline for Recognition},
  url = {http://arxiv.org/abs/1403.6382},
  year = {2014}
}

@article{razavian_baseline_2015,
  abstract = {This paper presents a simple pipeline for},
  author = {Razavian, Ali Sharif and Sullivan, Josephine and Maki, Atsuto and Carlsson, Stefan},
  date = {2015},
  eprint = {1412.6574},
  eprinttype = {arxiv},
  file = {arXiv.org Snapshot:/home/joncrall/.zotero/zotero/q70dyzwb.default/zotero/storage/MXAXS2QI/1412.html:text/html},
  journal = {International Conference on Learning Representations},
  keywords = {{CNN}, instance recognition},
  title = {A Baseline for Visual Instance Retrieval with Deep Convolutional Networks},
  year = {2015}
}

@inproceedings{ren_learning_2003,
  abstract = {superpixels},
  author = {Ren, Xiaofeng and Malik, Jitendra},
  booktitle = {Computer Vision and Pattern Recognition},
  date = {2003},
  pages = {10--17},
  title = {Learning a classification model for segmentation},
  url = {http://ieeexplore.ieee.org/xpls/abs_all.jsp?arnumber=1238308},
  year = {2003}
}

@article{revaud_deep_2015,
  abstract = {We propose a new matching algorithm, called},
  author = {Revaud, Jerome and Weinzaepfel, Philippe and Harchaoui, Zaid and Schmid, Cordelia},
  date = {2015-06-25},
  eprint = {1506.07656},
  eprinttype = {arxiv},
  file = {arXiv.org Snapshot:/home/joncrall/.zotero/zotero/q70dyzwb.default/zotero/storage/EQN2R3SX/1506.html:text/html},
  journal = {arXiv},
  title = {Deep Convolutional Matching},
  url = {http://arxiv.org/abs/1506.07656},
  year = {2015}
}

@article{rocco_convolutional_2017,
  author = {Rocco, Ignacio and Arandjelović, Relja and Sivic, Josef},
  date = {2017},
  file = {1703.05593.pdf:/home/joncrall/.zotero/zotero/q70dyzwb.default/zotero/storage/VDQVNC3B/1703.05593.pdf:application/pdf},
  journal = {arXiv},
  title = {Convolutional neural network architecture for geometric matching},
  url = {https://arxiv.org/abs/1703.05593},
  year = {2017}
}

@inproceedings{romberg_bundle_2013,
  abstract = {romberg\_bundle\_2013},
  author = {Romberg, Stefan and Lienhart, Rainer},
  date = {2013},
  doi = {10.1145/2461466.2461486},
  pages = {113},
  title = {Bundle min-hashing for logo recognition},
  url = {http://dl.acm.org/citation.cfm?doid=2461466.2461486},
  year = {2013}
}

@incollection{rosten_machine_2006,
  abstract = {{FAST}},
  author = {Rosten, Edward and Drummond, Tom},
  booktitle = {European Conference on Computer Vision},
  date = {2006},
  file = {Snapshot:/home/joncrall/.zotero/zotero/q70dyzwb.default/zotero/storage/2VTWJUB8/11744023_34.html:text/html},
  langid = {english},
  number = {3951},
  pages = {430--443},
  rights = {©2006 Springer Berlin Heidelberg},
  title = {Machine Learning for High-Speed Corner Detection},
  url = {http://link.springer.com/chapter/10.1007/11744023_34},
  year = {2006}
}

@inproceedings{rother_grabcut_2004,
  author = {Rother, Carsten and Kolmogorov, Vladimir and Blake, Andrew},
  booktitle = {ACM Transactions on Graphics},
  date = {2004},
  pages = {309--314},
  title = {Grabcut: Interactive foreground extraction using iterated graph cuts},
  url = {http://dl.acm.org/citation.cfm?id=1015720},
  volume = {23},
  year = {2004}
}

@article{rubenstein_behavioral_1998,
  author = {Rubenstein, Daniel I.},
  date = {1998},
  pages = {527--556},
  title = {Behavioral ecology and conservation policy: on balancing science, applications, and advocacy},
  year = {1998}
}

@incollection{rubenstein_ecology_2010,
  abstract = {methods and materials show point},
  author = {Rubenstein, Daniel I.},
  booktitle = {Advances in the Study of Behavior},
  date = {2010},
  langid = {english},
  pages = {231--258},
  title = {Ecology, Social Behavior, and Conservation in Zebras},
  url = {http://linkinghub.elsevier.com/retrieve/pii/S0065345410420070},
  volume = {42},
  year = {2010}
}

@report{rubenstein_great_2015,
  author = {Rubenstein, Daniel I. and Stewart, Charles V. and Berger-Wolf, Tanya Y. and Parham, Jason and Crall, Jon and Machogu, Clara and Kahumbu, Paula and Maingi, Njambi},
  date = {2015-07},
  institution = {Kenya Wildlife Service},
  keywords = {animals},
  title = {The Great Zebra and Giraffe Count: The Power and Rewards of Citizen Science},
  url = {http://compbio.cs.uic.edu/~tanya/research/pubs/The%20Great%20Zebra%20and%20Giraffe%20Count%20Scientific%20Report.pdf},
  year = {2015}
}

@article{rumelhart_learning_1986,
  author = {Rumelhart, David and Hinton, Geoffrey and Williams, Ronald},
  date = {1986},
  journal = {Nature},
  pages = {323--533},
  title = {Learning representations by back-propagating errors},
  year = {1986}
}

@article{russakovsky_imagenet_2014,
  abstract = {image net 5 year challenge description},
  author = {Russakovsky, Olga and Deng, Jia and Su, Hao and Krause, Jonathan and Satheesh, Sanjeev and Ma, Sean and Huang, Zhiheng and Karpathy, Andrej and Khosla, Aditya and Bernstein, Michael and {others}},
  date = {2014},
  journal = {International Journal of Computer Vision},
  keywords = {image-net},
  pages = {1--42},
  title = {Imagenet large scale visual recognition challenge},
  url = {http://link.springer.com/article/10.1007/s11263-015-0816-y},
  year = {2014}
}

@inproceedings{schroff_facenet_2015,
  abstract = {triplet loss},
  author = {Schroff, Florian and Kalenichenko, Dmitry and Philbin, James},
  date = {2015},
  eventtitle = {Proceedings of the {IEEE} Conference on Computer Vision and Pattern Recognition},
  file = {arXiv.org Snapshot:/home/joncrall/.zotero/zotero/q70dyzwb.default/zotero/storage/79GSGRUT/1503.html:text/html;Snapshot:/home/joncrall/.zotero/zotero/q70dyzwb.default/zotero/storage/VEXMSE5N/Schroff_FaceNet_A_Unified_2015_CVPR_paper.html:text/html},
  keywords = {face recognition, labeled faces in the wild, tripplet loss},
  pages = {815--823},
  title = {{FaceNet}: A Unified Embedding for Face Recognition and Clustering},
  url = {http://www.cv-foundation.org/openaccess/content_cvpr_2015/html/Schroff_FaceNet_A_Unified_2015_CVPR_paper.html},
  year = {2015}
}

@book{schwarz_jolly_seber_2006,
  author = {Schwarz, Carl James and Arnason, A. Neil},
  date = {2006},
  title = {Jolly-Seber models in {MARK}},
  url = {http://www.phidot.org/software/mark/docs/book/pdf/chap12.pdf},
  year = {2006}
}

@article{seber_note_1965,
  author = {Seber, G. A. F.},
  date = {1965-06-01},
  doi = {10.2307/2333827},
  issn = {0006-3444},
  journal = {Biometrika},
  number = {1},
  pages = {249--259},
  rights = {Copyright © 1965 Biometrika Trust},
  shortjournal = {Biometrika},
  title = {A Note on the Multiple-Recapture Census},
  url = {http://www.jstor.org/stable/2333827},
  volume = {52},
  year = {1965}
}

@book{seber_estimation_1982,
  author = {Seber, George Arthur Frederick},
  date = {1982},
  title = {The estimation of animal abundance},
  year = {1982}
}

@article{sermanet_overfeat_2013,
  abstract = {We present an integrated framework for using},
  author = {Sermanet, Pierre and Eigen, David and Zhang, Xiang and Mathieu, Michael and Fergus, Rob and {LeCun}, Yann},
  date = {2013-12-21},
  eprint = {1312.6229},
  eprinttype = {arxiv},
  file = {arXiv.org Snapshot:/home/joncrall/.zotero/zotero/q70dyzwb.default/zotero/storage/R6JAUBP3/1312.html:text/html},
  journal = {arXiv},
  title = {{OverFeat}: Integrated Recognition, Localization and Detection using Convolutional Networks},
  url = {http://arxiv.org/abs/1312.6229},
  year = {2013}
}

@article{serre_robust_2007,
  abstract = {We introduce a new general framework for},
  author = {Serre, T. and Wolf, L. and Bileschi, S. and Riesenhuber, M. and Poggio, T.},
  date = {2007-03},
  doi = {10.1109/TPAMI.2007.56},
  file = {IEEE Xplore Abstract Record:/home/joncrall/.zotero/zotero/q70dyzwb.default/zotero/storage/H5CPN89M/abs_all.html:text/html},
  issn = {0162-8828},
  journal = {Transactions on Pattern Analysis and Machine Intelligence},
  number = {3},
  pages = {411--426},
  title = {Robust Object Recognition with Cortex-Like Mechanisms},
  volume = {29},
  year = {2007}
}

@book{shakhnarovich_nearest_neighbor_2006,
  author = {Shakhnarovich, Gregory and Piotr, Indyk and Trevor, Darrell},
  date = {2006},
  file = {Dialnet Snapshot:/home/joncrall/.zotero/zotero/q70dyzwb.default/zotero/storage/AT9NMMKK/libro.html:text/html},
  title = {Nearest-neighbor methods in learning and vision: theory and practice},
  url = {http://dialnet.unirioja.es/servlet/libro?codigo=375022},
  year = {2006}
}

@article{shen_review_2006,
  abstract = {Due to the robustness of Gabor features},
  author = {Shen, Linlin and Bai, Li},
  date = {2006-08-18},
  doi = {10.1007/s10044-006-0033-y},
  file = {Snapshot:/home/joncrall/.zotero/zotero/q70dyzwb.default/zotero/storage/BZCEMCCG/s10044-006-0033-y.html:text/html},
  issn = {1433-7541, 1433-755X},
  journal = {Pattern Analysis and Applications},
  langid = {english},
  number = {2},
  pages = {273--292},
  shortjournal = {Pattern Anal Applic},
  title = {A review on Gabor wavelets for face recognition},
  url = {http://link.springer.com/article/10.1007/s10044-006-0033-y},
  volume = {9},
  year = {2006}
}

@inproceedings{shi_embedding_2016,
  author = {Shi, Hailin and Yang, Yang and Zhu, Xiangyu and Liao, Shengcai and Lei, Zhen and Zheng, Weishi and Li, Stan Z.},
  booktitle = {European Conference on Computer Vision},
  date = {2016},
  keywords = {person re-id, training data mining, tripplet loss},
  pages = {732--748},
  title = {Embedding Deep Metric for Person Re-identification: A Study Against Large Variations},
  url = {http://link.springer.com/chapter/10.1007/978-3-319-46448-0_44},
  year = {2016}
}

@inproceedings{silpa_anan_optimised_2008,
  abstract = {kdtrees},
  author = {Silpa-Anan, C. and Hartley, R.},
  booktitle = {Computer Vision and Pattern Recognition},
  date = {2008},
  doi = {10.1109/CVPR.2008.4587638},
  eventtitle = {{IEEE} Conference on Computer Vision and Pattern Recognition, 2008. {CVPR} 2008},
  keywords = {kd-trees, noteable-paper},
  pages = {1--8},
  title = {Optimised {KD}-trees for fast image descriptor matching},
  year = {2008}
}

@inproceedings{simard_best_2003,
  author = {Simard, Patrice Y. and Steinkraus, Dave and Platt, John C.},
  booktitle = {International Conference on Document Analysis and Recognition},
  date = {2003},
  pages = {958},
  title = {Best practices for convolutional neural networks applied to visual document analysis},
  url = {http://www.computer.org/csdl/proceedings/icdar/2003/1960/02/196020958.pdf},
  year = {2003}
}

@inproceedings{simonyan_descriptor_2012,
  author = {Simonyan, Karen and Vedaldi, Andrea and Zisserman, Andrew},
  booktitle = {European Conference on Computer Vision},
  date = {2012},
  file = {Snapshot:/home/joncrall/.zotero/zotero/q70dyzwb.default/zotero/storage/A6SQN7IZ/978-3-642-33718-5_18.html:text/html},
  langid = {english},
  pages = {243--256},
  rights = {©2012 Springer-Verlag Berlin Heidelberg},
  title = {Descriptor Learning Using Convex Optimisation},
  url = {http://link.springer.com/chapter/10.1007/978-3-642-33718-5_18},
  year = {2012}
}

@article{simonyan_learning_2014,
  abstract = {sift convex liberty},
  author = {Simonyan, Karen and Vedaldi, Andrea and Zisserman, Andrew},
  date = {2014},
  journal = {Transactions on Pattern Analysis and Machine Intelligence},
  pages = {25--70},
  shortjournal = {{PAMI}},
  title = {Learning local feature descriptors using convex optimisation},
  volume = {12},
  year = {2014}
}

@article{simonyan_very_2014,
  abstract = {{VGG}-Net orig},
  author = {Simonyan, Karen and Zisserman, Andrew},
  date = {2014-09-04},
  eprint = {1409.1556},
  eprinttype = {arxiv},
  file = {arXiv.org Snapshot:/home/joncrall/.zotero/zotero/q70dyzwb.default/zotero/storage/HF28X4U6/1409.html:text/html},
  journal = {arXiv},
  keywords = {{CNN}, landmark-paper, {VGG}-net},
  title = {Very Deep Convolutional Networks for Large-Scale Image Recognition},
  url = {http://arxiv.org/abs/1409.1556},
  year = {2014}
}

@inproceedings{sivic_video_2003,
  abstract = {We describe an approach to object and},
  author = {Sivic, J. and Zisserman, A.},
  booktitle = {International Conference on Computer Vision},
  date = {2003},
  doi = {10.1109/ICCV.2003.1238663},
  eventtitle = {{ICCV}},
  keywords = {instance recognition, landmark-paper},
  pages = {1470--1477 vol.2},
  title = {Video Google: a text retrieval approach to object matching in videos},
  year = {2003}
}

@article{sivic_efficient_2009,
  author = {Sivic, J. and Zisserman, A.},
  date = {2009},
  doi = {10.1109/TPAMI.2008.111},
  issn = {0162-8828},
  journal = {Transactions on Pattern Analysis and Machine Intelligence},
  keywords = {bag-of-words, instance recognition, tf-idf},
  number = {4},
  pages = {591--606},
  title = {Efficient Visual Search of Videos Cast as Text Retrieval},
  url = {http://ieeexplore.ieee.org/lpdocs/epic03/wrapper.htm?arnumber=4509438},
  volume = {31},
  year = {2009}
}

@article{smith_susannew_1997,
  abstract = {susan keypoint},
  author = {Smith, Stephen M. and Brady, J. Michael},
  date = {1997-05},
  doi = {10.1023/A:1007963824710},
  file = {Snapshot:/home/joncrall/.zotero/zotero/q70dyzwb.default/zotero/storage/2PW8W6WV/10.html:text/html},
  issn = {0920-5691, 1573-1405},
  journal = {International Journal of Computer Vision},
  langid = {english},
  number = {1},
  pages = {45--78},
  shortjournal = {International Journal of Computer Vision},
  title = {{SUSAN}—A New Approach to Low Level Image Processing},
  url = {http://link.springer.com/article/10.1023/A%3A1007963824710},
  volume = {23},
  year = {1997}
}

@article{sproull_refinements_1991,
  abstract = {This note presents a simplification and generalization},
  author = {Sproull, Robert F.},
  date = {1991-06},
  doi = {10.1007/BF01759061},
  file = {Snapshot:/home/joncrall/.zotero/zotero/q70dyzwb.default/zotero/storage/QXUNRARR/10.html:text/html},
  issn = {0178-4617, 1432-0541},
  journal = {Algorithmica},
  langid = {english},
  number = {1},
  pages = {579--589},
  shortjournal = {Algorithmica},
  title = {Refinements to nearest-neighbor searching ink-dimensional trees},
  url = {http://link.springer.com/article/10.1007/BF01759061},
  volume = {6},
  year = {1991}
}

@article{srivastava_dropout_2014,
  abstract = {droupout},
  author = {Srivastava, Nitish and Hinton, Geoffrey and Krizhevsky, Alex and Sutskever, Ilya and Salakhutdinov, Ruslan},
  date = {2014},
  journal = {The Journal of Machine Learning Research},
  number = {1},
  pages = {1929--1958},
  title = {Dropout: A simple way to prevent neural networks from overfitting},
  url = {http://dl.acm.org/citation.cfm?id=2670313},
  volume = {15},
  year = {2014}
}

@inproceedings{sun_large_scale_2013,
  abstract = {Event recognition has been an important topic},
  author = {Sun, Chen and Nevatia, R.},
  booktitle = {Winter Applications of Computer Vision},
  date = {2013-01},
  doi = {10.1109/WACV.2013.6474994},
  eventtitle = {2013 {IEEE} Workshop on Applications of Computer Vision ({WACV})},
  file = {IEEE Xplore Abstract Record:/home/joncrall/.zotero/zotero/q70dyzwb.default/zotero/storage/AKB8WDJC/abs_all.html:text/html},
  pages = {15--22},
  title = {Large-scale web video event classification by use of Fisher Vectors},
  year = {2013}
}

@article{sun_deep_2013,
  author = {Sun, Yi and Wang, Xiaogang and Tang, Xiaoou},
  date = {2013},
  journal = {Computer Vision and Pattern Recognition},
  title = {Deep Convolutional Network Cascade for Facial Point Detection},
  url = {http://www.cv-foundation.org/openaccess/content_cvpr_2013/papers/Sun_Deep_Convolutional_Network_2013_CVPR_paper.pdf},
  year = {2013}
}

@article{sundaresan_network_2007,
  abstract = {small area of observation},
  author = {Sundaresan, Siva R. and Fischhoff, Ilya R. and Dushoff, Jonathan and Rubenstein, Daniel I.},
  date = {2007-01-05},
  doi = {10.1007/s00442-006-0553-6},
  issn = {0029-8549, 1432-1939},
  journal = {Oecologia},
  langid = {english},
  number = {1},
  pages = {140--149},
  title = {Network metrics reveal differences in social organization between two fission–fusion species, Grevy’s zebra and onager},
  url = {http://link.springer.com/10.1007/s00442-006-0553-6},
  volume = {151},
  year = {2007}
}

@inproceedings{sutskever_importance_2013,
  author = {Sutskever, Ilya and Martens, James and Dahl, George and Hinton, Geoffrey},
  date = {2013},
  eventtitle = {Proceedings of the 30th International Conference on Machine Learning ({ICML}-13)},
  file = {Snapshot:/home/joncrall/.zotero/zotero/q70dyzwb.default/zotero/storage/X54EJNZF/icml2013_sutskever13.html:text/html},
  pages = {1139--1147},
  title = {On the importance of initialization and momentum in deep learning},
  url = {http://machinelearning.wustl.edu/mlpapers/papers/icml2013_sutskever13},
  year = {2013}
}

@article{szegedy_going_2014,
  abstract = {{GoogLeNet}},
  author = {Szegedy, Christian and Liu, Wei and Jia, Yangqing and Sermanet, Pierre and Reed, Scott and Anguelov, Dragomir and Erhan, Dumitru and Vanhoucke, Vincent and Rabinovich, Andrew},
  date = {2014-09-16},
  eprint = {1409.4842},
  eprinttype = {arxiv},
  file = {arXiv.org Snapshot:/home/joncrall/.zotero/zotero/q70dyzwb.default/zotero/storage/XSGQ2X5B/1409.html:text/html},
  journal = {arXiv},
  keywords = {{CNN}, inception, landmark-paper},
  title = {Going Deeper with Convolutions},
  url = {http://arxiv.org/abs/1409.4842},
  year = {2014}
}

@book{szeliski_computer_2010,
  author = {Szeliski, Richard},
  date = {2010},
  keywords = {landmark-paper},
  title = {Computer vision: algorithms and applications},
  url = {http://books.google.com/books?hl=en&lr=&id=bXzAlkODwa8C&oi=fnd&pg=PR4&dq=%22of+computer+vision+to+fun+problems+such+as+image+stitching+and+photo-based%22+%22that+time,+a+similar+syllabus+and+project-oriented+course+structure+has+been+used%22+%22from+personal+photos+seemed+to+resonate+well+with+our%22+&ots=gZ_53YjBGC&sig=lGXsBsNNji3JvseLL475VOQWomo},
  year = {2010}
}

@article{sanchez_compressed_2013,
  author = {Sánchez, Jorge and Perronnin, Florent and Mensink, Thomas and Verbeek, Jakob},
  date = {2013},
  journal = {INRIA Research Report},
  title = {Compressed fisher vectors for large-scale image classification},
  url = {https://hal.inria.fr/file/index/docid/779493/filename/RR-8209.pdf},
  year = {2013}
}

@inproceedings{taigman_deepface_2014,
  abstract = {In modern face recognition, the conventional pipeline},
  author = {Taigman, Y. and Yang, Ming and Ranzato, M. and Wolf, L.},
  booktitle = {Computer Vision and Pattern Recognition},
  date = {2014-06},
  doi = {10.1109/CVPR.2014.220},
  eventtitle = {2014 {IEEE} Conference on Computer Vision and Pattern Recognition ({CVPR})},
  file = {IEEE Xplore Abstract Record:/home/joncrall/.zotero/zotero/q70dyzwb.default/zotero/storage/6VEV2KZ7/abs_all.html:text/html},
  keywords = {{CNN}, face recognition, labeled faces in the wild, landmark-paper, siamese network},
  pages = {1701--1708},
  title = {{DeepFace}: Closing the Gap to Human-Level Performance in Face Verification},
  year = {2014}
}

@inproceedings{tao_locality_2013,
  author = {Tao, Ran and Gavves, Efstratios and Snoek, Cees and Smeulders, Arnold},
  date = {2013},
  eventtitle = {Proceedings of the {IEEE} Conference on Computer Vision and Pattern Recognition},
  pages = {2091--2098},
  title = {Locality in Generic Instance Search from One Example},
  url = {http://www.cv-foundation.org/openaccess/content_cvpr_2014/html/Tao_Locality_in_Generic_2014_CVPR_paper.html},
  year = {2013}
}

@inproceedings{tola_fast_2008,
  abstract = {{DAISY} orig},
  author = {Tola, Engin and Lepetit, V. and Fua, P.},
  booktitle = {Computer Vision and Pattern Recognition},
  date = {2008-06},
  doi = {10.1109/CVPR.2008.4587673},
  eventtitle = {{IEEE} Conference on Computer Vision and Pattern Recognition, 2008. {CVPR} 2008},
  file = {IEEE Xplore Abstract Record:/home/joncrall/.zotero/zotero/q70dyzwb.default/zotero/storage/EFPNBHHU/login.html:text/html},
  pages = {1--8},
  title = {A fast local descriptor for dense matching},
  year = {2008}
}

@inproceedings{tolias_aggregate_2013,
  abstract = {This paper considers a family of metrics},
  author = {Tolias, G. and Avrithis, Y. and Jégou, H.},
  booktitle = {International Conference on Computer Vision},
  date = {2013-12},
  doi = {10.1109/ICCV.2013.177},
  eventtitle = {2013 {IEEE} International Conference on Computer Vision ({ICCV})},
  keywords = {{SMK}, {VLAD}},
  pages = {1401--1408},
  title = {To Aggregate or Not to aggregate: Selective Match Kernels for Image Search},
  year = {2013}
}

@article{tolias_image_2015,
  abstract = {another smk followup},
  author = {Tolias, Giorgos and Avrithis, Yannis and Jégou, Hervé},
  date = {2015},
  journal = {International Journal of Computer Vision},
  keywords = {{SMK}, {VLAD}},
  shortjournal = {{IJCV}},
  title = {Image search with selective match kernels: aggregation across single and multiple images},
  year = {2015}
}

@article{tolias_visual_2014,
  abstract = {smk followup, hamming embeding},
  author = {Tolias, Giorgos and Jégou, Hervé},
  date = {2014-10},
  doi = {10.1016/j.patcog.2014.04.007},
  issn = {0031-3203},
  journal = {Pattern Recognition},
  keywords = {{SMK}},
  number = {10},
  pages = {3466--3476},
  shortjournal = {Pattern Recognition},
  title = {Visual query expansion with or without geometry: Refining local descriptors by feature aggregation},
  url = {http://www.sciencedirect.com/science/article/pii/S0031320314001381},
  volume = {47},
  year = {2014}
}

@inproceedings{torii_visual_2011,
  abstract = {We seek to predict the {GPS} location},
  author = {Torii, A. and Sivic, J. and Pajdla, T.},
  booktitle = {International Conference on Computer Vision},
  date = {2011-11},
  doi = {10.1109/ICCVW.2011.6130230},
  eventtitle = {2011 {IEEE} International Conference on Computer Vision Workshops ({ICCV} Workshops)},
  file = {IEEE Xplore Abstract Record:/home/joncrall/.zotero/zotero/q70dyzwb.default/zotero/storage/U6PS3IIP/login.html:text/html},
  pages = {102--109},
  title = {Visual localization by linear combination of image descriptors},
  year = {2011}
}

@inproceedings{turcot_better_2009,
  author = {Turcot, Panu and Lowe, David G.},
  booktitle = {International Conference on Computer Vision},
  date = {2009},
  pages = {2109--2116},
  title = {Better matching with fewer features: The selection of useful features in large database recognition problems},
  url = {http://ieeexplore.ieee.org/xpls/abs_all.jsp?arnumber=5457541},
  year = {2009}
}

@article{turk_eigenfaces_1991,
  abstract = {We have developed a near-real-time computer system},
  author = {Turk, Matthew and Pentland, Alex},
  date = {1991-01-01},
  doi = {10.1162/jocn.1991.3.1.71},
  file = {Journal of Cognitive Neuroscience Snapshot:/home/joncrall/.zotero/zotero/q70dyzwb.default/zotero/storage/HDBNNA3J/jocn.1991.3.1.html:text/html},
  issn = {0898-929X},
  journal = {Journal of Cognitive Neuroscience},
  number = {1},
  pages = {71--86},
  shortjournal = {Journal of Cognitive Neuroscience},
  title = {Eigenfaces for Recognition},
  url = {http://dx.doi.org/10.1162/jocn.1991.3.1.71},
  volume = {3},
  year = {1991}
}

@article{tuytelaars_local_2007,
  abstract = {keypoint-survey},
  author = {Tuytelaars, Tinne and Mikolajczyk, Krystian},
  date = {2007},
  doi = {10.1561/0600000017},
  issn = {1572-2740, 1572-2759},
  journal = {Foundations and Trends in Computer Graphics and Vision},
  keywords = {feature detector, landmark-paper, survey},
  number = {3},
  pages = {177--280},
  title = {Local Invariant Feature Detectors: A Survey},
  url = {http://www.nowpublishers.com/product.aspx?product=CGV&doi=0600000017},
  volume = {3},
  year = {2007}
}

@article{van_de_sande_evaluating_2010,
  abstract = {Image category recognition is important to access},
  author = {van de Sande, K.E.A. and Gevers, T. and Snoek, C.G.M.},
  date = {2010-09},
  doi = {10.1109/TPAMI.2009.154},
  file = {IEEE Xplore Abstract Record:/home/joncrall/.zotero/zotero/q70dyzwb.default/zotero/storage/DT722D2W/abs_all.html:text/html},
  issn = {0162-8828},
  journal = {Transactions on Pattern Analysis and Machine Intelligence},
  number = {9},
  pages = {1582--1596},
  title = {Evaluating Color Descriptors for Object and Scene Recognition},
  volume = {32},
  year = {2010}
}

@book{vapnik_statistical_1998,
  author = {Vapnik, Vladimir N.},
  date = {1998},
  title = {Statistical Learning Theory},
  url = {http://ai.ato.ms/MITECS/Articles/pednault.html},
  year = {1998}
}

@inproceedings{varma_learning_2007,
  abstract = {We investigate the problem of learning optimal},
  author = {Varma, M. and Ray, D.},
  booktitle = {International Conference on Computer Vision},
  date = {2007-10},
  doi = {10.1109/ICCV.2007.4408875},
  eventtitle = {{IEEE} 11th International Conference on Computer Vision, 2007. {ICCV} 2007},
  file = {IEEE Xplore Abstract Record:/home/joncrall/.zotero/zotero/q70dyzwb.default/zotero/storage/7RBUJN62/abs_all.html:text/html},
  pages = {1--8},
  title = {Learning The Discriminative Power-Invariance Trade-Off},
  year = {2007}
}

@article{varma_unifying_2004,
  abstract = {The objective of this paper is to},
  author = {Varma, Manik and Zisserman, Andrew},
  date = {2004-12-01},
  doi = {10.1016/j.imavis.2004.03.012},
  file = {ScienceDirect Snapshot:/home/joncrall/.zotero/zotero/q70dyzwb.default/zotero/storage/Z72QKZT6/S0262885604000629.html:text/html},
  issn = {0262-8856},
  journal = {Image and Vision Computing},
  number = {14},
  pages = {1175--1183},
  shortjournal = {Image and Vision Computing},
  title = {Unifying statistical texture classification frameworks},
  url = {http://www.sciencedirect.com/science/article/pii/S0262885604000629},
  volume = {22},
  year = {2004}
}

@book{vazirani_approximation_2013,
  abstract = {Although this may seem a paradox, all},
  author = {Vazirani, Vijay V.},
  date = {2013-03-14},
  langid = {english},
  pagetotal = {390},
  title = {Approximation Algorithms},
  year = {2013}
}

@inproceedings{vedaldi_multiple_2009,
  abstract = {vedaldi\_multiple\_2009, error in results},
  author = {Vedaldi, A. and Gulshan, V. and Varma, M. and Zisserman, A.},
  booktitle = {International Conference on Computer Vision},
  date = {2009},
  doi = {10.1109/ICCV.2009.5459183},
  eventtitle = {{ICCV}},
  pages = {606--613},
  title = {Multiple kernels for object detection},
  year = {2009}
}

@article{vedaldi_efficient_2012,
  abstract = {nonlinear-svm},
  author = {Vedaldi, Andrea and Zisserman, Andrew},
  date = {2012},
  journal = {Transactions on Pattern Analysis and Machine Intelligence},
  number = {3},
  pages = {480--492},
  title = {Efficient additive kernels via explicit feature maps},
  url = {http://ieeexplore.ieee.org/xpls/abs_all.jsp?arnumber=6136519},
  volume = {34},
  year = {2012}
}

@article{vinod_rectified_2010,
  abstract = {leaky rectified units {LRU}},
  author = {Vinod, Nair and Hinton, Geoffrey},
  date = {2010},
  journal = {International Conference on Machine Learning},
  pages = {807--814},
  title = {Rectified Linear Units Improve Restricted Boltzmann Machines},
  year = {2010}
}

@article{viola_robust_2004,
  abstract = {This paper describes a face detection framework},
  author = {Viola, Paul and Jones, Michael J.},
  date = {2004-05-01},
  doi = {10.1023/B:VISI.0000013087.49260.fb},
  issn = {0920-5691, 1573-1405},
  journal = {International Journal of Computer Vision},
  langid = {english},
  number = {2},
  pages = {137--154},
  shortjournal = {{IJCV} 2004},
  title = {Robust Real-Time Face Detection},
  url = {http://link.springer.com/article/10.1023/B%3AVISI.0000013087.49260.fb},
  volume = {57},
  year = {2004}
}

@inproceedings{wang_locality_constrained_2010,
  abstract = {The traditional {SPM} approach based on bag-of-features},
  author = {Wang, Jinjun and Yang, Jianchao and Yu, Kai and Lv, Fengjun and Huang, T. and Gong, Yihong},
  booktitle = {Computer Vision and Pattern Recognition},
  date = {2010-06},
  doi = {10.1109/CVPR.2010.5540018},
  eventtitle = {2010 {IEEE} Conference on Computer Vision and Pattern Recognition ({CVPR})},
  file = {IEEE Xplore Abstract Record:/home/joncrall/.zotero/zotero/q70dyzwb.default/zotero/storage/TIRCE9M2/abs_all.html:text/html},
  keywords = {landmark-paper, sparse coding},
  pages = {3360--3367},
  title = {Locality-constrained Linear Coding for image classification},
  year = {2010}
}

@article{wang_semi_supervised_2012,
  abstract = {Hashing-based approximate nearest neighbor ({ANN}) search in},
  author = {Wang, Jun and Kumar, S. and Chang, Shih-Fu},
  date = {2012-12},
  doi = {10.1109/TPAMI.2012.48},
  file = {IEEE Xplore Abstract Record:/home/joncrall/.zotero/zotero/q70dyzwb.default/zotero/storage/KAPQPG3K/abs_all.html:text/html},
  issn = {0162-8828},
  journal = {Transactions on Pattern Analysis and Machine Intelligence},
  keywords = {locality sensitive hashing, noteable-paper},
  number = {12},
  pages = {2393--2406},
  title = {Semi-Supervised Hashing for Large-Scale Search},
  volume = {34},
  year = {2012}
}

@article{wang_simple_2015,
  abstract = {The problem of finding k-edge-connected components is},
  author = {Wang, Tianhao and Zhang, Yong and Chin, Francis Y. L. and Ting, Hing-Fung and Tsin, Yung H. and Poon, Sheung-Hung},
  date = {2015-09-14},
  doi = {10.1371/journal.pone.0136264},
  file = {Snapshot:/home/joncrall/.zotero/zotero/q70dyzwb.default/zotero/storage/8MTF86GD/article.html:text/html},
  issn = {1932-6203},
  journal = {PLOS ONE},
  number = {9},
  pages = {e0136264},
  shortjournal = {{PLOS} {ONE}},
  title = {A Simple Algorithm for Finding All k-Edge-Connected Components},
  url = {http://journals.plos.org/plosone/article?id=10.1371/journal.pone.0136264},
  volume = {10},
  year = {2015}
}

@incollection{weiss_spectral_2009,
  author = {Weiss, Yair and Torralba, Antonio and Fergus, Rob},
  booktitle = {Advances in Neural Information Processing Systems},
  date = {2009},
  file = {NIPS Snapshort:/home/joncrall/.zotero/zotero/q70dyzwb.default/zotero/storage/2AQBRM42/3383-spectral-hashing.html:text/html},
  pages = {1753--1760},
  title = {Spectral Hashing},
  url = {http://papers.nips.cc/paper/3383-spectral-hashing.pdf},
  year = {2009}
}

@article{white_program_1999,
  abstract = {{MARK} provides parameter estimates from marked animals},
  author = {White, Gary C. and Burnham, Kenneth P.},
  date = {1999-01-01},
  doi = {10.1080/00063659909477239},
  file = {Snapshot:/home/joncrall/.zotero/zotero/q70dyzwb.default/zotero/storage/4AQT85SR/00063659909477239.html:text/html},
  issn = {0006-3657},
  issue = {sup001},
  journal = {Bird Study},
  pages = {S120--S139},
  title = {Program {MARK}: survival estimation from populations of marked animals},
  url = {http://dx.doi.org/10.1080/00063659909477239},
  volume = {46},
  year = {1999}
}

@article{wieczorek_darwin_2012,
  abstract = {Biodiversity data derive from myriad sources stored},
  author = {Wieczorek, John and Bloom, David and Guralnick, Robert and Blum, Stan and Döring, Markus and Giovanni, Renato and Robertson, Tim and Vieglais, David},
  date = {2012-01-06},
  doi = {10.1371/journal.pone.0029715},
  journal = {PLOS ONE},
  number = {1},
  pages = {e29715},
  shortjournal = {{PLoS} {ONE}},
  title = {Darwin Core: An Evolving Community-Developed Biodiversity Data Standard},
  url = {http://dx.doi.org/10.1371/journal.pone.0029715},
  volume = {7},
  year = {2012}
}

@inproceedings{winder_picking_2009,
  abstract = {Local image descriptors that are highly discriminative,},
  author = {Winder, S. and Hua, Gang and Brown, M.},
  booktitle = {Computer Vision and Pattern Recognition},
  date = {2009-06},
  doi = {10.1109/CVPR.2009.5206839},
  eventtitle = {{IEEE} Conference on Computer Vision and Pattern Recognition, 2009. {CVPR} 2009},
  file = {IEEE Xplore Abstract Record:/home/joncrall/.zotero/zotero/q70dyzwb.default/zotero/storage/U5J3BMIB/abs_all.html:text/html},
  keywords = {descriptor, noteable-paper},
  pages = {178--185},
  title = {Picking the best {DAISY}},
  year = {2009}
}

@article{wright_robust_2009,
  abstract = {face},
  author = {Wright, J. and Yang, A.Y. and Ganesh, A. and Sastry, S.S. and Ma, Yi},
  date = {2009-02},
  doi = {10.1109/TPAMI.2008.79},
  file = {IEEE Xplore Abstract Record:/home/joncrall/.zotero/zotero/q70dyzwb.default/zotero/storage/FPWFJGD4/abs_all.html:text/html},
  issn = {0162-8828},
  journal = {Transactions on Pattern Analysis and Machine Intelligence},
  keywords = {sparse coding},
  number = {2},
  pages = {210--227},
  title = {Robust Face Recognition via Sparse Representation},
  volume = {31},
  year = {2009}
}

@article{wu_viewpoint_2015,
  author = {Wu, Ziyan and Li, Yang and Radke, Richard J.},
  date = {2015-05-01},
  doi = {10.1109/TPAMI.2014.2360373},
  issn = {0162-8828, 2160-9292},
  journal = {Transactions on Pattern Analysis and Machine Intelligence},
  keywords = {person re-id},
  number = {5},
  pages = {1095--1108},
  title = {Viewpoint Invariant Human Re-Identification in Camera Networks Using Pose Priors and Subject-Discriminative Features},
  url = {http://ieeexplore.ieee.org/lpdocs/epic03/wrapper.htm?arnumber=6910272},
  volume = {37},
  year = {2015}
}

@inproceedings{xiao_application_2015,
  author = {Xiao, Tianjun and Xu, Yichong and Yang, Kuiyuan and Zhang, Jiaxing and Peng, Yuxin and Zhang, Zheng},
  booktitle = {Computer Vision and Pattern Recognition},
  date = {2015},
  eprint = {1411.6447},
  eprinttype = {arxiv},
  file = {arXiv.org Snapshot:/home/joncrall/.zotero/zotero/q70dyzwb.default/zotero/storage/PTR5IC8W/1411.html:text/html},
  title = {The Application of Two-level Attention Models in Deep Convolutional Neural Network for Fine-grained Image Classification},
  url = {http://arxiv.org/abs/1411.6447},
  year = {2015}
}

@inproceedings{yang_linear_2009,
  abstract = {Recently {SVMs} using spatial pyramid matching ({SPM})},
  author = {Yang, Jianchao and Yu, Kai and Gong, Yihong and Huang, T.},
  booktitle = {Computer Vision and Pattern Recognition},
  date = {2009-06},
  doi = {10.1109/CVPR.2009.5206757},
  eventtitle = {{IEEE} Conference on Computer Vision and Pattern Recognition, 2009. {CVPR} 2009},
  file = {IEEE Xplore Abstract Record:/home/joncrall/.zotero/zotero/q70dyzwb.default/zotero/storage/78HEUAM5/abs_all.html:text/html;IEEE Xplore Abstract Record:/home/joncrall/.zotero/zotero/q70dyzwb.default/zotero/storage/TVVNIQ4N/abs_all.html:text/html},
  keywords = {landmark-paper, sparse coding},
  pages = {1794--1801},
  title = {Linear spatial pyramid matching using sparse coding for image classification},
  year = {2009}
}

@inproceedings{yang_supervised_2010,
  abstract = {In this paper, we propose a novel},
  author = {Yang, Jianchao and Yu, Kai and Huang, T.},
  booktitle = {Computer Vision and Pattern Recognition},
  date = {2010-06},
  doi = {10.1109/CVPR.2010.5539958},
  eventtitle = {2010 {IEEE} Conference on Computer Vision and Pattern Recognition ({CVPR})},
  file = {IEEE Xplore Abstract Record:/home/joncrall/.zotero/zotero/q70dyzwb.default/zotero/storage/AAZ7U523/abs_all.html:text/html},
  keywords = {noteable-paper, sparse coding},
  pages = {3517--3524},
  title = {Supervised translation-invariant sparse coding},
  year = {2010}
}

@incollection{yang_efficient_2010,
  abstract = {Sparse coding of sensory data has recently},
  author = {Yang, Jianchao and Yu, Kai and Huang, Thomas},
  booktitle = {European Conference on Computer Vision},
  date = {2010},
  file = {Snapshot:/home/joncrall/.zotero/zotero/q70dyzwb.default/zotero/storage/GJAASUWE/978-3-642-15555-0_9.html:text/html},
  keywords = {noteable-paper, sparse coding},
  langid = {english},
  number = {6315},
  pages = {113--126},
  rights = {©2010 Springer-Verlag Berlin Heidelberg},
  title = {Efficient Highly Over-Complete Sparse Coding Using a Mixture Model},
  url = {http://link.springer.com/chapter/10.1007/978-3-642-15555-0_9},
  year = {2010}
}

@inproceedings{zagoruyko_learning_2015,
  author = {Zagoruyko, Sergey and Komodakis, Nikos},
  booktitle = {Computer Vision and Pattern Recognition},
  date = {2015-04-14},
  eprint = {1504.03641},
  eprinttype = {arxiv},
  file = {arXiv.org Snapshot:/home/joncrall/.zotero/zotero/q70dyzwb.default/zotero/storage/3UAA63DT/1504.html:text/html},
  keywords = {{CNN}, siamese network},
  title = {Learning to Compare Image Patches via Convolutional Neural Networks},
  url = {http://arxiv.org/abs/1504.03641},
  year = {2015}
}

@inproceedings{zeiler_visualizing_2014,
  abstract = {Large Convolutional Network models have recently demonstrated},
  author = {Zeiler, Matthew D. and Fergus, Rob},
  booktitle = {European Conference on Computer Vision},
  date = {2014-01-01},
  file = {Snapshot:/home/joncrall/.zotero/zotero/q70dyzwb.default/zotero/storage/XFFXBIER/978-3-319-10590-1_53.html:text/html},
  langid = {english},
  pages = {818--833},
  rights = {©2014 Springer International Publishing Switzerland},
  title = {Visualizing and Understanding Convolutional Networks},
  url = {http://link.springer.com/chapter/10.1007/978-3-319-10590-1_53},
  year = {2014}
}

@article{zhang_local_2010,
  abstract = {This paper proposes a novel high-order local},
  author = {Zhang, Baochang and Gao, Yongsheng and Zhao, Sanqiang and Liu, Jianzhuang},
  date = {2010},
  doi = {10.1109/TIP.2009.2035882},
  issn = {1057-7149},
  journal = {Transactions on Image Processing},
  number = {2},
  pages = {533--544},
  title = {Local Derivative Pattern Versus Local Binary Pattern: Face Recognition With High-Order Local Pattern Descriptor},
  volume = {19},
  year = {2010}
}

@article{zhang_histogram_2007,
  abstract = {A novel object descriptor, histogram of Gabor},
  author = {Zhang, Baochang and Shan, Shiguang and Chen, Xilin and Gao, Wen},
  date = {2007-01},
  doi = {10.1109/TIP.2006.884956},
  file = {IEEE Xplore Abstract Record:/home/joncrall/.zotero/zotero/q70dyzwb.default/zotero/storage/SIXR4WCN/abs_all.html:text/html},
  issn = {1057-7149},
  journal = {Transactions on Image Processing},
  number = {1},
  pages = {57--68},
  title = {Histogram of Gabor Phase Patterns ({HGPP}): A Novel Object Representation Approach for Face Recognition},
  volume = {16},
  year = {2007}
}

@inproceedings{zhang_sparse_2011,
  abstract = {As a recently proposed technique, sparse representation},
  author = {Zhang, D. and Yang, Meng and Feng, Xiangchu},
  booktitle = {International Conference on Computer Vision},
  date = {2011-11},
  doi = {10.1109/ICCV.2011.6126277},
  eventtitle = {2011 {IEEE} International Conference on Computer Vision ({ICCV})},
  file = {IEEE Xplore Abstract Record:/home/joncrall/.zotero/zotero/q70dyzwb.default/zotero/storage/WB3JT7IP/abs_all.html:text/html},
  keywords = {sparse coding},
  pages = {471--478},
  title = {Sparse representation or collaborative representation: Which helps face recognition?},
  year = {2011}
}

@article{zhang_local_2006,
  author = {Zhang, J. and Marszałek, M. and Lazebnik, S. and Schmid, C.},
  date = {2006-09-25},
  doi = {10.1007/s11263-006-9794-4},
  issn = {0920-5691, 1573-1405},
  journal = {International Journal of Computer Vision},
  keywords = {landmark-paper},
  number = {2},
  pages = {213--238},
  title = {Local Features and Kernels for Classification of Texture and Object Categories: A Comprehensive Study},
  url = {http://link.springer.com/10.1007/s11263-006-9794-4},
  volume = {73},
  year = {2006}
}

@inproceedings{zhang_image_2011,
  abstract = {zhang\_image\_2011},
  author = {Zhang, Yimeng and Jia, Zhaoyin and Chen, Tsuhan},
  booktitle = {Computer Vision and Pattern Recognition},
  date = {2011},
  keywords = {min-hash, noteable-paper},
  pages = {809--816},
  title = {Image retrieval with geometry-preserving visual phrases},
  url = {http://ieeexplore.ieee.org/xpls/abs_all.jsp?arnumber=5995528},
  year = {2011}
}

@article{zhang_weakly_2015,
  author = {Zhang, Yu and Wei, Xiu-shen and Wu, Jianxin and Cai, Jianfei and Lu, Jiangbo and Nguyen, Viet-Anh and Do, Minh N.},
  date = {2015-04-20},
  eprint = {1504.04943},
  eprinttype = {arxiv},
  file = {arXiv.org Snapshot:/home/joncrall/.zotero/zotero/q70dyzwb.default/zotero/storage/5ZNZHFQH/1504.html:text/html},
  journal = {arXiv},
  title = {Weakly Supervised Fine-Grained Image Categorization},
  url = {http://arxiv.org/abs/1504.04943},
  year = {2015}
}

@article{zhao_face_2003,
  abstract = {face survery},
  author = {Zhao, W. and Chellappa, R. and Phillips, P. J. and Rosenfeld, A.},
  date = {2003-12},
  doi = {10.1145/954339.954342},
  issn = {0360-0300},
  journal = {ACM Computing Surveys},
  number = {4},
  pages = {399--458},
  title = {Face Recognition: A Literature Survey},
  url = {http://doi.acm.org/10.1145/954339.954342},
  volume = {35},
  year = {2003}
}

@inproceedings{catherine_wah_similarity_2014,
  author = {{Catherine Wah} and {Grant Van Horn} and {Steve Branson} and {Subhransu Maji} and {Pietro Perona} and {Serge Belongie}},
  date = {2014},
  eventtitle = {{CVPR}},
  title = {Similarity Comparisons for Interactive Fine-Grained Categorization},
  year = {2014}
}

@inproceedings{decann_relating_2013,
  abstract = {{CMC}},
  author = {{DeCann}, Brian and Ross, Arun},
  booktitle = {Biometrics: Theory, Applications and Systems},
  date = {2013},
  file = {5712ce28731042228af3daa66a7942656937.pdf:/home/joncrall/.zotero/zotero/q70dyzwb.default/zotero/storage/K7URX6ZA/5712ce28731042228af3daa66a7942656937.pdf:application/pdf},
  pages = {1--8},
  title = {Relating roc and cmc curves via the biometric menagerie},
  url = {http://ieeexplore.ieee.org/abstract/document/6712705/},
  year = {2013}
}

@online{eric_jones_scipy_2001,
  author = {{Eric Jones} and {Travis Travis Oliphant} and {Pearu Peterson} and {others}},
  date = {2001},
  title = {\{{SciPy}\}: Open source scientific tools for \{Python\}},
  year = {2001}
}

@misc{jacob_holm_poly_logarithmic_1998,
  abstract = {Dynamic Connectivity},
  author = {{Jacob Holm} and {Kristian de Lichtenberg} and {Mikkel Thorup}},
  date = {1998},
  keywords = {dynamic connectivity},
  title = {Poly-logarithmic deterministic fully-dynamic algorithms for connectivity, minimum spanning tree, 2-edge, and biconnectivity},
  year = {1998}
}

@article{lecun_deep_2015,
  author = {{LeCun}, Yann and Bengio, Yoshua and Hinton, Geoffrey},
  date = {2015-05-27},
  doi = {10.1038/nature14539},
  file = {deep-learning-nature2015.pdf:/home/joncrall/.zotero/zotero/q70dyzwb.default/zotero/storage/T56BBC4E/deep-learning-nature2015.pdf:application/pdf},
  issn = {0028-0836, 1476-4687},
  journal = {Nature},
  number = {7553},
  pages = {436--444},
  title = {Deep learning},
  url = {http://www.nature.com/doifinder/10.1038/nature14539},
  volume = {521},
  year = {2015}
}

@inproceedings{lecun_loss_2005,
  author = {{LeCun}, Yann and Huang, F.},
  date = {2005},
  keywords = {contrastive loss, siamese network},
  title = {Loss functions for discriminative training of energybased models},
  url = {http://core.kmi.open.ac.uk/download/pdf/22017.pdf#page=215},
  year = {2005}
}

@inproceedings{li_wan_end_end_2015,
  author = {{Li Wan} and {David Eigen} and {Rob Fergus}},
  date = {2015},
  eventtitle = {{CVPR}},
  title = {End-to-End Integration of a Convolutional Network, Deformable Parts Model and Non-Maximum Suppression},
  year = {2015}
}

@inproceedings{mccann_local_2012,
  author = {{McCann}, Sancho and Lowe, David G.},
  booktitle = {Computer Vision and Pattern Recognition},
  date = {2012},
  keywords = {{LNBNN}, noteable-paper},
  pages = {3650--3656},
  title = {Local naive bayes nearest neighbor for image classification},
  url = {http://ieeexplore.ieee.org/xpls/abs_all.jsp?arnumber=6248111},
  year = {2012}
}

@inproceedings{zongyuan_ge_modelling_2015,
  author = {{ZongYuan Ge} and {Chris McCool} and {Conrad Sanderson,} and {Peter Corke}},
  booktitle = {Computer Vision and Pattern Recognition},
  date = {2015},
  title = {Modelling local deep convolutional neural network features to improve fine-grained image classification},
  year = {2015}
}

@thesis{parham_photographic_2015,
  author = {Parham, Jason R.},
  date = {2015-11},
  file = {Snapshot:/home/joncrall/.zotero/zotero/q70dyzwb.default/zotero/storage/2K32CEVR/10006301.html:text/html},
  institution = {Department of Computer Science, Rensselaer Polytechnic Institute},
  keywords = {animals},
  location = {Troy, {NY}},
  title = {Photographic censusing of zebra and giraffe in the Nairobi National Park},
  type = {M.S. thesis},
  url = {http://gradworks.umi.com/10/00/10006301.html},
  year = {2015}
}

@thesis{jablons_identifying_2016,
  author = {Jablons, Zachary},
  date = {2016},
  keywords = {animal, instance recognition},
  title = {Identifying Humpback Whale Flukes by Sequence Matching of Trailing Edge Curvature},
  type = {phdthesis},
  year = {2016}
}

@thesis{oddone_mobile_2016,
  abstract = {alessandro},
  author = {Oddone, Alessandro},
  date = {2016},
  location = {University of Illinois at Chicago},
  title = {A Mobile Application for the Image Based Ecological Information System},
  type = {phdthesis},
  year = {2016}
}

@thesis{sanchez_image_2013,
  author = {Sánchez, Jorge and Perronnin, Florent and Mensink, Thomas and Verbeek, Jakob},
  date = {2013},
  keywords = {category recognition, fisher vector, landmark-paper},
  title = {Image Classification with the Fisher Vector: Theory and Practice},
  type = {phdthesis},
  url = {http://hal.archives-ouvertes.fr/hal-00779493/},
  year = {2013}
}

@online{griffin_caltech_256_2007,
  abstract = {caltech-256},
  author = {Griffin, Gregory and Holub, Alex and Perona, Pietro},
  date = {2007-03-10},
  file = {Snapshot:/home/joncrall/.zotero/zotero/q70dyzwb.default/zotero/storage/PQGW7A8E/7694.html:text/html},
  keywords = {caltech-256},
  title = {Caltech-256 Object Category Dataset},
  type = {Report or Paper},
  url = {http://resolver.caltech.edu/CaltechAUTHORS:CNS-TR-2007-001},
  year = {2007}
}

